3834 5734
392 728 440 766 212
707 718 980 769 DIRECTORIUM
1010 719 1054 767 SA
1060 718 1215 767 CERDOT
1215 717 1279 768 UM.

392 869 663 951 Responsorium‚
686 870 842 953 hymnus,
858 880 892 933 et
908 870 1099 945 versiculus,
1121 871 1206 934 sicut
1229 871 1272 933 ad
1297 871 1421 952 primas
1443 888 1602 952 vesperas

393 954 466 1019 iesti
483 1007 489 1020 .
507 958 666 1020 memoria
681 958 724 1020 de
740 969 856 1021 sancto
873 958 1063 1021 Edmund0.

435 1086 469 1156 (Ι
493 1081 590 1143 Feria
614 1103 651 1145 .v.
678 1082 721 1144 de
747 1093 896 1146 octaua.
924 1082 1158 1145 Inuitatorium
1183 1080 1306 1162 triplex
1331 1131 1337 1143 .
1362 1082 1406 1144 ix.
1433 1081 1601 1144 lectiones.

394 1165 450 1230 Ad
467 1168 629 1231 secundas
644 1189 800 1251 vesperas
816 1171 858 1232 de
873 1178 1002 1245 octaua,
1018 1169 1201 1251 antiphona
1226 1167 1395 1232 Sacerdos¹
1418 1218 1425 1230 .
1449 1168 1601 1250 psalmus

393 1253 494 1317 Dixit
518 1255 710 1318 Dominus.
738 1256 897 1338 Hymnus
919 1255 1034 1318 Sacris
1058 1256 1212 1319 solenniis
1234 1305 1240 1317 .
1264 1254 1443 1318 versiculus
1470 1254 1602 1317 Panem

391 1340 431 1403 de
444 1341 506 1403 celo
528 1391 535 1404 .
560 1343 720 1405 memoria
735 1343 778 1405 de
793 1352 908 1406 sancto
926 1342 1079 1405 Bamaba
1095 1342 1256 1425 apostolo.

437 1471 471 1540 (Ι
495 1466 591 1528 Faria
617 1467 666 1529 .vi.
693 1469 736 1531 de
773 1477 888 1530 sancto
923 1467 1085 1540 Bamaba,
1122 1466 1355 1528 Inuitatorium
1394 1465 1528 1547 triplex,
1557 1466 1603 1527 ix.

394 1551 562 1627 lectiones,
577 1574 652 1616 cum
670 1554 800 1636 psalmo
815 1553 877 1616 Ad
888 1563 918 1616 te
931 1554 1050 1617 leuani.
1095 1551 1152 1615 Ad
1173 1573 1336 1633 vesperas,
1353 1554 1513 1615 memoria
1529 1551 1603 1634 [de]

393 1650 509 1788 {ancta
526 1640 643 1717 Maria,
658 1640 841 1722 antiphona
859 1640 929 1703 Sub
950 1650 1043 1703 tuam
1066 1689 1073 1704 .
1097 1659 1171 1702 cum
1196 1640 1356 1702 memoria
1380 1640 1422 1701 de
1447 1640 1603 1720 martyri-

416 1728 477 1788 us²

437 1842 471 1912 (Ι
494 1836 653 1913 Sabbata
690 1839 733 1901 de
764 1848 881 1901 sancta
917 1838 1031 1901 Maria.
1089 1836 1145 1901 Ad
1179 1857 1335 1920 vesperas
1370 1857 1436 1900 non
1471 1838 1604 1900 dicatur

396 1924 667 2007 Responsorium,
682 1927 740 1988 sed
758 1927 918 1988 memoria
934 1925 976 1988 de
993 1925 1165 2000 Trinitate,
1180 1935 1214 1988 et
1231 1925 1396 2007 processio
1413 1923 1478 1988 fiat.

570 2054 604 2124 (Ι
628 2049 806 2112 Dominica
830 2049 879 2125 .ii.,
906 2059 980 2112 tota
1003 2058 1154 2112 cantetur
1180 2049 1324 2111 historia.
1373 2049 1410 2110 ln
1437 2048 1603 2124 laudibus

571 2155 637 2198 vna
652 2136 843 2218 antiphona.

438 2251 472 2321 (Ι
496 2247 592 2310 Feria
617 2248 657 2310 .ii.
684 2248 728 2311 de
757 2257 872 2311 sancto
909 2248 1055 2325 Basili0,3
1082 2247 1316 2311 Inuitatorium
1350 2247 1504 2328 simplex,
1535 2256 1605 2311 tres

394 2331 553 2396 lectiones
569 2336 612 2397 de
626 2336 804 2397 communi.

385 2531 419 2594 't'
438 2450 472 2520 (Ι
495 2446 592 2508 Feria
617 2446 666 2508 .iii.
692 2447 734 2509 de
747 2446 969 2528 martyribus.⁴
1028 2447 1261 2510 Inuitatorium
1289 2446 1426 2527 duplex.
1443 2456 1510 2509 tres
1537 2445 1604 2509 lec-

410 2551 510 2595 iones.

437 2648 471 2718 (Ι
495 2644 592 2706 Feria
607 2645 669 2707 iiii.
685 2645 727 2709 de
744 2655 860 2708 sancto
876 2645 1029 2721 Ricardo‚
1045 2646 1090 2707 ix.
1106 2645 1273 2708 lectiones.
1320 2644 1432 2708 Medie
1443 2644 1605 2708 lectiones

395 2728 437 2792 de
454 2731 677 2812 martyribus,⁶
692 2753 767 2796 cum
785 2733 1019 2814 Responsoriis
1034 2732 1077 2794 de
1092 2734 1238 2796 secundo
1256 2741 1425 2794 nocturno.

438 2847 472 2916 (Ι
496 2842 644 2907 Feriam.
660 2845 702 2907 de
719 2844 803 2908 festo
819 2844 890 2907 loci.

438 2959 472 3029 (Ι
496 2955 593 3018 Feria
616 2956 665 3018 .vi.
690 2956 732 3018 de
764 2955 985 3037 martyribus.⁶
1033 2956 1265 3019 Inuitatorium
1292 2955 1430 3037 duplex,
1446 2965 1512 3017 tres
1538 2956 1604 3018 lec-

395 3041 511 3104 tiones.
558 3044 781 3126 Responsoria
804 3044 846 3105 de
868 3044 971 3106 tercio
996 3053 1166 3114 nocturno
1182 3063 1257 3105 cum
1285 3043 1509 3125 Responsorio
1535 3043 1609 3105 Hec

394 3138 442 3190 est
456 3149 541 3192 vera.

439 3246 473 3316 (Ι
497 3241 655 3311 Sabbato,
672 3243 714 3305 de
730 3253 845 3306 sancta
863 3242 980 3317 Maria,
996 3252 1029 3306 et
1046 3242 1206 3304 memoria
1222 3242 1264 3304 de
1282 3241 1503 3323 martyribusi

394 2099 467 2168 June
483 2094 535 2168 ¹3·]

439 3372 472 3441 (Ι
495 3365 562 3428 Vbi
580 3364 663 3429 fiunt
679 3377 744 3429 tres
767 3367 1109 3443 commemorationes,
1128 3367 1166 3429 ln
1183 3367 1221 3429 .ii.
1239 3366 1319 3429 seria
1343 3365 1399 3429 fiat
1423 3387 1487 3428 vna
1510 3387 1605 3429 com-

397 3454 602 3517 memoratio

397 3615 469 3683 June
482 3612 537 3684 ω’]
575 3655 682 3716 tiones
706 3655 749 3716 de
773 3664 889 3716 sancto
918 3653 1093 3717 Edwardo
1142 3654 1179 3715 In
1206 3652 1359 3714 laudibus
1385 3653 1493 3714 vnica⁸
1518 3654 1605 3714 anti-

398 3737 518 3819 phona.

441 3858 474 3927 (Ι
499 3854 525 3914 F
528 3854 595 3914 eria
610 3853 649 3913 .ii.
665 3853 707 3913 de
723 3851 808 3913 sesto
824 3852 893 3914 loci.

443 3970 476 4039 (Ι
501 3965 596 4026 Feria
612 3964 661 4025 iii.
677 3964 719 4025 de
735 3973 851 4025 sancto
875 3963 1021 4037 Albano
1037 3964 1081 4025 ix.
1099 3963 1265 4039 lectiones,
1281 3982 1357 4024 cum
1376 3963 1606 4043 Responsorio

399 4051 619 4130 Perccpturrrs.

444 4169 477 4238 (Ι
502 4162 674 4225 Feriaiiii.
691 4164 733 4225 de
749 4163 897 4243 virgine,⁹
922 4182 996 4224 cum
1024 4172 1194 4236 nocturno,
1219 4171 1252 4223 et
1277 4182 1352 4223 cum
1379 4162 1609 4241 Responsorio

402 4250 553 4331 Regnum
569 4250 690 4312 orandi.
739 4250 842 4311 Missa
858 4251 899 4311 ‹le
915 4250 1061 4332 vigilia¹⁰

436 4508 445 4539 ¹
463 4508 594 4573 Sapientia
602 4509 644 4568 for
654 4507 792 4557 Sacerdos:
810 4518 852 4568 97,
864 4517 905 4555 01.
1005 4504 1016 4534 '²
1033 4505 1079 4555 SS.
1098 4504 1215 4564 Basilide,
1229 4503 1324 4564 Cirino,
1337 4505 1439 4553 Nabore
1450 4513 1475 4552 et
1488 4503 1606 4553 Nazario

435 4575 446 4604 ³
464 4575 581 4624 Blasio†:
598 4586 638 4622 01.
1004 4569 1015 4599 ⁴
1032 4571 1077 4619 SS.
1092 4571 1160 4629 Vno,
1176 4570 1293 4618 Modesto
1304 4580 1329 4618 et
1341 4568 1492 4619 crescentia.

437 4640 446 4670 ⁵
463 4641 509 4690 SS.
524 4640 607 4688 Cirico
618 4649 643 4687 et
657 4638 749 4686 lulitta.
1002 4633 1013 4664 ⁸
1030 4636 1075 4686 SS.
1092 4637 1179 4684 Marco
1191 4644 1215 4684 et
1229 4635 1400 4684 Marcelliano.

437 4705 446 4738 ⁷
464 4707 509 4757 SS.
525 4705 646 4753 lieruasio
657 4714 682 4752 ct
696 4701 832 4752 l'rothasio.
1007 4699 1017 4730 ⁸
1034 4717 1100 4750 una:
1118 4700 1160 4761 87,
1173 4700 1211 4748 88.

436 4772 446 4802 ⁰
463 4773 489 4821 S.
506 4770 665 4819 Etheldreda.
1009 4764 1029 4795 ¹⁰
1046 4767 1105 4814 Nat.
1120 4766 1146 4815 S.
1163 4765 1281 4815 Iohannis
1292 4767 1365 4830 Bapt

573 3570 607 3639 (Ι
631 3566 806 3629 Dominica
832 3566 883 3629 iii.
910 3567 953 3628 de
977 3566 1117 3628 seruicio
1143 3566 1341 3628 dominicali.
1403 3566 1514 3629 Medie
1541 3566 1606 3628 lec·
1695 3641 1697 3645 ι
