3834 5734
407 684 454 734 126
722 682 1000 733 DIRECTORIUM
1016 681 1283 734 SACERDOTUM.

448 843 483 913 (Ι
506 836 603 899 Feria
626 857 663 899 .v.
691 834 732 897 de
763 844 880 898 sancto
911 834 1104 910 Edmundo,
1132 835 1364 899 Inuitatorium
1395 835 1527 918 triplex,
1558 836 1612 897 ix.

407 922 573 986 lectiones.
629 922 742 985 Medie
773 921 931 985 lectiones
963 923 1006 984 de
1037 923 1251 1006 martyribusl
1281 943 1356 985 cum
1388 923 1549 986 versiculo
1579 932 1613 984 et

408 1009 640 1093 Responsoriis
656 1008 698 1070 de
714 1010 822 1091 primo
838 1021 1002 1073 nocturno
1018 1009 1234 1092 plurimorum
1252 1020 1443 1091 martyrum.

449 1137 483 1206 (Ι
507 1130 604 1192 Feria
619 1129 668 1192 .vi.
686 1129 727 1191 de
744 1127 832 1204 feria,
849 1138 883 1192 et
899 1129 1019 1192 dicitur
1041 1130 1186 1211 primum
1211 1130 1474 1210 Responsorium
1492 1128 1614 1192 feriale.

406 1213 559 1300 Epistola
575 1225 608 1279 et
624 1213 835 1300 euangelium
852 1226 969 1298 quarte
987 1215 1074 1281 ferie.

448 1344 483 1414 (Ι
505 1335 664 1410 sabbato,
693 1336 734 1398 de
760 1345 877 1399 sancto
905 1331 1059 1400 Bernaba
1085 1336 1247 1419 apostolo,
1271 1336 1324 1399 ix.
1350 1336 1515 1409 lectiones
1540 1336 1611 1398 sinc

403 1425 626 1507 expositione.
675 1423 907 1487 lnuitatorium
924 1423 1056 1505 triplex.
1103 1424 1160 1488 Ad
1184 1424 1320 1487 missam
1345 1424 1464 1487 dicitur
1488 1421 1611 1487 Credo.

403 1522 440 1575 et
465 1510 609 1574 Preiatio
635 1509 677 1571 de
703 1510 869 1590 apostolis.
915 1509 983 1574 Vbi
1010 1510 1093 1574 fiunt
1120 1520 1187 1573 tres
1210 1510 1554 1585 commemorationes
1578 1511 1610 1571 in

404 1599 455 1663 ,vi
480 1597 560 1661 feria
585 1595 642 1659 fiat
664 1599 742 1659 vna2
765 1599 1047 1671 commemoratio
1071 1598 1168 1662 beate
1193 1598 1309 1674 Marie,
1332 1608 1364 1666 et
1392 1598 1425 1660 in
1452 1598 1503 1660 .iii.
1532 1596 1612 1658 feria

407 1685 465 1750 fiat
480 1705 546 1747 vna
561 1685 843 1747 commemoratio.
888 1685 945 1747 Ad
962 1704 1118 1766 vesperas
1142 1686 1184 1748 de
1207 1684 1376 1747 dominica
1393 1684 1553 1747 memoria
1569 1684 1611 1746 de

403 1771 559 1855 apostolo
569 1820 575 1834 .
586 1770 642 1833 de³
657 1771 870 1852 martyribus⁴
886 1769 929 1832 de
944 1771 1109 1834 trinitate.
1121 1780 1155 1834 et
1171 1773 1358 1854 processio⁶

583 1889 623 1972 [e.
650 1889 729 1972 viii]
773 1897 808 1966 (Ι
831 1891 1010 1954 Dominica
1035 1889 1073 1954 .ii.
1099 1890 1235 1955 historie
1259 1893 1351 1955 Deus
1375 1892 1519 1955 omnium
1541 1939 1547 1953 .
1571 1890 1614 1953 de

581 1979 721 2040 seruicio
745 1976 944 2041 dominicali.
1001 1977 1114 2041 Medie
1139 1979 1296 2042 lectiones
1321 1979 1365 2042 de
1389 1978 1613 2060 martyribus.⁴

409 2065 448 2128 ln
465 2064 618 2127 laudibus
633 2084 699 2126 vna
715 2064 906 2146 antiphona.

407 1943 479 2012 June
493 1939 546 2011 1²·l

448 2191 483 2261 (Ι
506 2184 603 2247 Feria
617 2185 656 2247 ii.
673 2184 716 2247 de
732 2185 818 2247 sesto
834 2185 906 2247 loci.

449 2311 483 2380 (Ι
507 2305 603 2367 Feria
633 2304 685 2366 iii.
715 2304 757 2366 de
788 2313 904 2367 sancto
936 2304 1070 2382 Basilio,
1103 2303 1337 2367 Inuitatorium
1373 2304 1528 2386 simplex,
1560 2304 1612 2366 iii.

406 2391 567 2455 lectiones
582 2389 625 2453 de
640 2392 817 2455 communi.

409 2599 557 2662 secundo
572 2605 741 2660 nocturno.

451 2725 486 2795 (Ι
509 2717 606 2780 Feria
622 2739 658 2780 .v.
676 2718 718 2780 de
734 2727 850 2780 sancto
872 2718 1026 2795 Ricard0,
1042 2717 1097 2782 ix.
1113 2716 1280 2782 lectiones.
1326 2719 1439 2781 Medie
1454 2717 1612 2782 lectiones

404 2807 451 2869 de
468 2804 689 2886 martyribus⁷,
705 2824 780 2868 cum
791 2804 964 2867 Versiculo
976 2814 1010 2869 et
1021 2805 1253 2888 Responsoriis
1270 2807 1311 2868 de
1327 2806 1429 2868 tercio
1442 2815 1612 2870 nocturno.

408 3012 425 3075 f
451 2925 605 3074 §llFeria
628 2925 677 2988 .vi.
703 2925 746 2987 de
775 2924 872 2988 feriis.
918 2926 965 2989 Et
992 2926 1112 2990 dicitur
1138 2928 1320 2989 secundum
1350 2926 1611 3007 Responsorium

421 3033 487 3075 erra
501 3033 527 3076 e.

451 3131 485 3200 (Ι
509 3122 668 3198 sabbato,
682 3124 724 3186 de
733 3133 849 3187 sancta
869 3124 987 3201 Maria,
1003 3135 1037 3188 et
1053 3127 1211 3187 memoria
1228 3124 1271 3187 de
1287 3123 1510 3206 martyribus.⁸
1555 3124 1611 3187 Ad

406 3231 571 3294 vesperas
595 3211 756 3274 memoria
778 3211 821 3274 de
845 3213 1054 3293 martyribus,
1078 3221 1111 3274 et
1134 3215 1176 3275 de
1199 3212 1373 3283 Trinitate,
1395 3222 1428 3274 et
1448 3214 1613 3293 processio

410 3298 475 3362 fiat.
519 3297 586 3361 Vbi
618 3296 701 3361 fiunt
732 3306 799 3361 tres
820 3300 1175 3373 commemorationes,
1207 3300 1239 3360 in
1272 3301 1319 3361 .vi.
1348 3300 1428 3362 feria
1460 3296 1517 3361 fiat
1547 3320 1613 3362 vna

407 3386 689 3449 commemoratio

583 3503 618 3573 (Ι
640 3497 826 3560 Dominica.
850 3498 902 3560 .iii.
927 3497 970 3560 de
996 3497 1135 3562 seruicio
1164 3496 1374 3561 dominicali:
1413 3497 1521 3560 medie
1547 3498 1613 3560 lec·

403 3549 480 3620 June
495 3544 548 3617 ¹9']
584 3585 691 3646 tiones
714 3584 757 3647 de
781 3585 995 3666 martyribus⁹
1010 3605 1085 3648 cum
1104 3583 1361 3668 Responsoriis¹⁰
1381 3585 1452 3647 Hec
1464 3595 1512 3647 est
1525 3606 1611 3647 vera.

409 3670 448 3731 In
466 3667 619 3734 laudibus
631 3690 697 3733 vna
706 3671 899 3752 antiphona.
939 3672 996 3735 Ad
1011 3693 1166 3754 vesperas
1182 3672 1377 3755 antiphona,
1393 3671 1459 3733 Iste
1473 3682 1611 3734 sanctus.

409 3756 610 3839 Capitulum,
625 3757 748 3820 Beatus
771 3759 827 3820 vir
846 3758 907 3840 qui
927 3759 963 3821 in
985 3759 1155 3840 sapientia.
1201 3759 1464 3842 Responsorium
1489 3759 1612 3821 Beatus

403 3844 464 3905 vir
477 3845 537 3925 qui
548 3844 686 3926 suffert:
710 3845 870 3908 memoria
886 3847 928 3908 rle
945 3846 1119 3909 dominica.

450 3970 484 4039 (Ι
508 3964 604 4026 Feria
619 3965 658 4028 .ii.
675 3965 717 4027 de
732 3976 849 4029 sancto
865 3965 1043 4044 Edward0,
1058 3967 1112 4029 ix.
1128 3966 1288 4029 lectiones
1305 3966 1347 4028 de
1364 3965 1429 4028 alio
1445 3966 1561 4028 sestoll

451 4090 486 4160 (Ι
509 4084 606 4147 Feria
621 4084 672 4149 iii.
689 4085 730 4147 de
748 4086 832 4148 sesto
848 4084 918 4149 loci.

450 4202 484 4271 (Ι
508 4196 604 4259 Feria
619 4197 682 4261 iiii.
699 4197 740 4259 de
757 4207 874 4260 sancto
891 4197 1036 4276 Alban0,
1052 4200 1106 4262 ix.
1119 4198 1287 4276 lectiones,
1304 4199 1376 4262 sine
1392 4199 1610 4282 expositione.

415 4283 676 4366 Responsorium
694 4284 916 4365 Percepturus.

440 4459 449 4490 ¹
468 4461 513 4511 SS.
529 4461 612 4510 Primo
623 4470 647 4511 et
659 4461 795 4511 Feliciano.
993 4460 1004 4492 '³
1020 4479 1085 4514 vna:
1102 4480 1149 4513 ont.
1163 4477 1203 4513 ot.

440 4524 451 4555 ³
467 4536 491 4575 et
502 4527 579 4590 before
589 4527 639 4576 de:
657 4526 698 4588 87,
711 4526 750 4575 88.
991 4526 1002 4558 ⁴
1018 4528 1064 4578 SS.
1080 4529 1197 4587 Basilidc,
1211 4528 1306 4588 Cirino,
1319 4530 1420 4578 Nabore
1432 4538 1456 4578 et
1468 4530 1582 4578 Nazario.

440 4590 451 4620 ⁵
468 4591 509 4639 fiat
521 4601 579 4640 ante
590 4609 706 4642 crucem:
724 4593 779 4641 add.
795 4591 835 4653 87,
849 4591 888 4642 88.
997 4590 1009 4623 ⁶
1026 4594 1070 4644 SS.
1086 4594 1155 4653 vito,
1169 4594 1286 4644 Modesto
1298 4604 1323 4643 et
1340 4595 1489 4645 Crescentia.

441 4655 451 4688 ⁷
468 4657 513 4705 SS.
528 4657 610 4705 Cirico
621 4668 646 4706 et
660 4657 751 4706 lulitta.
1000 4656 1011 4688 ⁸
1028 4659 1073 4708 SS.
1090 4660 1177 4709 Marco
1189 4669 1213 4709 et
1226 4660 1397 4709 Marcelliano.

438 4720 451 4753 ⁹
468 4721 515 4772 SS.
529 4722 650 4772 Geruasio
661 4732 685 4772 et
699 4722 835 4773 Prothasio.
991 4721 1012 4754 ¹⁰
1029 4724 1215 4789 Responsorio:
1233 4724 1272 4774 88.
1363 4724 1382 4755 ¹¹
1400 4725 1445 4775 viz.
1462 4727 1526 4775 Mar.
1542 4725 1609 4775 xviii.
