3834 5734
386 720 432 774 134
699 705 972 757 DIRECTORIUM
988 706 1254 757 sucmowsr.

425 865 459 936 ί
483 860 579 923 Feria
595 860 645 921 iii
661 860 704 921 de
719 869 836 921 sancto
851 858 1040 934 Ambrosio,
1052 857 1193 921 Inferius
1206 859 1343 941 duplex
1389 860 1593 943 Capitulum

383 946 645 1097 oEgcgliasaardos.
705 944 876 1028 legantur
907 945 1065 1007 lectiones
1100 946 1144 1007 de
1184 948 1396 1028 proprietate,
1435 969 1504 1010 non
1545 951 1594 1012 de

385 1239 534 1304 locutus.
581 1239 733 1322 Epistola
747 1249 782 1302 et
796 1238 1008 1322 euangelium
1024 1238 1112 1300 illius
1128 1237 1217 1302 serie

425 1366 459 1437 ί
483 1361 579 1424 Feria
588 1362 679 1422 .v.de
688 1359 888 1441 martyribus
896 1357 1069 1440 Tyburcio
1077 1359 1124 1421 ¹et
1133 1358 1333 1436 Valeriano,¹
1349 1362 1590 1425 lnuitatorium

383 1448 521 1600 cllpeplr‘lsex,
551 1448 592 1510 iii
622 1446 779 1510 lectiones
808 1447 879 1508 sine
903 1446 1064 1528 regimine
1086 1444 1187 1508 chori
1242 1446 1436 1529 Capitulum
1463 1449 1595 1512 Reddet

427 1663 462 1733 11
485 1655 581 1718 Feria
594 1654 646 1718 .v'c
660 1653 704 1716 de
719 1652 805 1716 festo
819 1652 892 1716 loci.

427 1783 462 1853 ἦ
484 1774 643 1850 Sabbato,
654 1774 697 1836 de
706 1782 822 1836 sancta
838 1773 954 1836 Maria
992 1772 1061 1835 Vbi
1070 1772 1592 1852 liunttroecommemorationes,

559 1987 594 2057 (l
616 1981 795 2044 Dominica
816 1981 857 2043 ii.
883 1990 960 2063 post
983 1981 1095 2057 Pasca,
1109 1990 1217 2044 totum
1240 1981 1284 2044 de
1298 1981 1423 2045 'officio
1441 1984 1592 2047 domini·

383 2031 463 2104 Al'fll
479 2029 532 2103 ι7·]
560 2066 646 2131 castr

427 2186 686 2338 lqueria-iide
701 2186 789 2250 feria
837 2187 1076 2269 Responsoria⁸
1090 2186 1224 2269 Dignus
1237 2209 1277 2251 cs.
1324 2189 1430 2250 Missa
1443 2190 1591 2253 domini-

385 2293 425 2338 ca
439 2295 474 2338 rs.

428 2401 463 2471 ἦ
486 2392 582 2456 Feria
607 2391 658 2456 ,iii
687 2392 731 2455 de
755 2402 873 2456 sancto
903 2392 1072 2476 Alphego,
1097 2393 1329 2456 Inuitatorium
1361 2393 1499 2478 duplex,
1522 2407 1592 2461 tres

385 2479 543 2545 lectiones
558 2480 602 2543 de
616 2479 793 2543 communi.

384 2687 533 2752 Locutus.

428 2814 461 2885 εἷ
486 2807 583 2871 Feria
597 2829 636 2870 .v.
651 2808 695 2871 de
710 2807 796 2870 sesto
810 2805 883 2870 loci

428 2935 462 3004 (I
486 2926 583 2991 Feria
597 2926 646 2990 ,vi
662 2927 705 2990 de
720 2936 835 2989 sancta
851 2926 966 2989 Maria.

430 3053 463 3124 εἷ
487 3045 646 3124 Sabbato,
662 3045 704 3108 de
728 3055 845 3110 sancto
870 3044 1023 3128 Georgio,
1039 3045 1147 3107 minus
1173 3046 1309 3128 duplex.
1356 3046 1412 3109 Ad
1433 3067 1591 3129 vesperas

388 3133 446 3197 fiat
469 3134 613 3197 solennis
636 3132 796 3196 memoria
818 3134 861 3197 de
883 3134 1058 3209 dominica,
1081 3141 1115 3195 et
1146 3134 1311 3214 processio
1340 3145 1419 3197 ante
1448 3156 1590 3201 crucem.

387 3221 453 3285 Vbi
471 3219 554 3285 fiunt
568 3229 636 3284 tres
652 3222 994 3296 commemorationes,
1009 3220 1042 3282 in
1059 3220 1121 3282 .iiii.
1137 3219 1217 3282 feria
1232 3218 1291 3283 fiat
1305 3241 1371 3283 vna
1386 3242 1592 3286 commemo-

388 3310 481 3373 ratio.
528 3308 573 3372 Et
597 3318 676 3372 tunc
699 3308 732 3371 in
758 3309 800 3372 .ii.
825 3308 906 3372 feria
930 3308 1097 3370 dicuntur*
1121 3307 1347 3389 Responsoria
1365 3310 1407 3372 de
1425 3308 1477 3372 iii.
1499 3309 1591 3387 seria,

388 3395 514 3459 scilicet
529 3395 678 3459 Locutus.

565 3515 599 3597 [s.
616 3513 671 3596 iil]
716 3520 751 3590 (ἶ
773 3513 951 3577 Dominica
973 3512 1023 3575 iii.
1040 3523 1117 3595 post
1134 3514 1245 3591 Pasca,
1260 3514 1302 3578 de
1325 3515 1464 3579 seruicio
1484 3515 1592 3580 domi·

566 3601 680 3663 nicali:
703 3600 840 3664 tercium
865 3601 1125 3684 Responsorium
1149 3622 1168 3664 a
1191 3601 1321 3665 duobus
1344 3612 1502 3666 cantetur.
1552 3606 1591 3667 ln

390 3687 544 3751 laudibus
560 3708 625 3750 vna
639 3687 831 3770 antiphona

433 3812 466 3883 (Ι
491 3807 582 3869 Nota
597 3806 687 3890 quod
704 3808 767 3871 ista
782 3807 949 3871 dominica
964 3807 1087 3870 carebit
1102 3806 1250 3890 vtrisque
1264 3809 1418 3891 vesperis.

388 3564 469 3636 April
482 3562 537 3635 24]

434 3933 469 4003 11
493 3926 589 3990 Feria
604 3928 643 3990 ii.
659 3928 702 3991 de
717 3939 834 3990 sancto
851 3927 975 4004 Marco,
995 3926 1134 3989 Inferius
1150 3928 1286 4010 dupleX.

393 4052 468 4196 DQI
492 4047 589 4110 Feria
618 4046 669 4110 ‚iii
699 4046 742 4110 de
772 4045 860 4109 seria.
921 4046 1146 4129 Responsoria
1183 4049 1226 4110 de
1262 4046 1303 4111 .ii.
1342 4047 1431 4125 feria,
1467 4050 1593 4114 scilicet

429 4135 546 4217 ignus.⁵

426 4619 475 4657 ¹-¹
491 4637 538 4670 om.
552 4620 593 4682 87,
606 4619 645 4670 88.
1038 4618 1092 4657 U
1107 4619 1189 4670 words
1200 4619 1364 4685 transposed:
1382 4619 1422 4684 87,
1436 4619 1475 4670 88.

423 4687 434 4715 ³
453 4685 664 4751 Responsorium:
681 4684 721 4737 88.
1038 4685 1049 4716 ⁴
1065 4684 1197 4737 dicantur:
1214 4684 1254 4735 88.

423 4751 434 4781 ⁸
450 4750 525 4802 missu
536 4751 709 4804 dominicalis:
726 4753 783 4802 add.
797 4762 838 4815 97,
851 4765 890 4802 01.
