<?xml version="1.0" encoding="UTF-8"?>
<!DOCTYPE html PUBLIC "-//W3C//DTD XHTML 1.0 Transitional//EN"
    "http://www.w3.org/TR/xhtml1/DTD/xhtml1-transitional.dtd">
<html xmlns="http://www.w3.org/1999/xhtml" xml:lang="en" lang="en">
 <head>
  <title>
</title>
<meta http-equiv="Content-Type" content="text/html;charset=utf-8" />
  <meta name='ocr-system' content='tesseract 3.04.00' />
  <meta name='ocr-capabilities' content='ocr_page ocr_carea ocr_par ocr_line ocrx_word'/>
</head>
<body>
  <div class='ocr_page' id='page_1' title='image "./ordinalesarvmsi00maydgoog/ordinalesarvmsi00maydgoog_0204.png"; bbox 0 0 3834 5734; ppageno 0'>
   <div class='ocr_carea' id='block_1_1' title="bbox 859 1153 1122 1245">
    <p class='ocr_par' dir='ltr' id='par_1_1' title="bbox 859 1153 1122 1245">
     <span class='ocr_line' id='line_1_1' title="bbox 859 1153 1122 1245; baseline 0.008 -2"><span class='ocrx_word' id='word_1_1' title='bbox 859 1153 1034 1245; x_wconf 58' lang='lat' dir='ltr'><strong>&amp;utum</strong></span> <span class='ocrx_word' id='word_1_2' title='bbox 1059 1155 1122 1227; x_wconf 58' lang='grc' dir='ltr'><strong>Β)</strong></span> 
     </span>
    </p>
   </div>
   <div class='ocr_carea' id='block_1_2' title="bbox 565 1304 1600 1388">
    <p class='ocr_par' dir='ltr' id='par_1_2' title="bbox 565 1304 1600 1388">
     <span class='ocr_line' id='line_1_2' title="bbox 565 1304 1600 1388; baseline 0.002 -20"><span class='ocrx_word' id='word_1_3' title='bbox 565 1312 600 1381; x_wconf 69' lang='grc' dir='ltr'><strong>(ζ</strong></span> <span class='ocrx_word' id='word_1_4' title='bbox 623 1307 751 1369; x_wconf 83' lang='lat' dir='ltr'>Littera</span> <span class='ocrx_word' id='word_1_5' title='bbox 777 1304 986 1379; x_wconf 71' lang='lat' dir='ltr'><strong>dominicalil</strong></span> <span class='ocrx_word' id='word_1_6' title='bbox 1018 1307 1057 1383; x_wconf 90' lang='lat' dir='ltr'><strong>B,</strong></span> <span class='ocrx_word' id='word_1_7' title='bbox 1077 1309 1225 1369; x_wconf 89' lang='lat' dir='ltr'><strong>secundo</strong></span> <span class='ocrx_word' id='word_1_8' title='bbox 1246 1307 1407 1369; x_wconf 87' lang='lat' dir='ltr'>kalendas</span> <span class='ocrx_word' id='word_1_9' title='bbox 1438 1308 1600 1388; x_wconf 75' lang='lat' dir='ltr'>Augusti,</span> 
     </span>
    </p>
   </div>
   <div class='ocr_carea' id='block_1_3' title="bbox 388 1353 1598 1475">
    <p class='ocr_par' dir='ltr' id='par_1_3' title="bbox 388 1353 1598 1475">
     <span class='ocr_line' id='line_1_3' title="bbox 388 1353 1598 1475; baseline 0.007 -25"><span class='ocrx_word' id='word_1_10' title='bbox 388 1353 522 1426; x_wconf 50' lang='lat' dir='ltr'><strong>lum]</strong></span> <span class='ocrx_word' id='word_1_11' title='bbox 566 1404 637 1456; x_wconf 91' lang='lat' dir='ltr'><strong>tota</strong></span> <span class='ocrx_word' id='word_1_12' title='bbox 654 1404 807 1456; x_wconf 89' lang='lat' dir='ltr'><strong>cantetur</strong></span> <span class='ocrx_word' id='word_1_13' title='bbox 829 1394 966 1456; x_wconf 90' lang='lat' dir='ltr'><strong>historia</strong></span> <span class='ocrx_word' id='word_1_14' title='bbox 988 1393 1030 1455; x_wconf 85' lang='lat' dir='ltr'><strong>ln</strong></span> <span class='ocrx_word' id='word_1_15' title='bbox 1045 1396 1215 1475; x_wconf 58' lang='lat' dir='ltr'><strong>princpio,</strong></span> <span class='ocrx_word' id='word_1_16' title='bbox 1230 1405 1264 1458; x_wconf 90' lang='lat' dir='ltr'><strong>et</strong></span> <span class='ocrx_word' id='word_1_17' title='bbox 1279 1396 1438 1457; x_wconf 86' lang='lat' dir='ltr'><strong>memoria</strong></span> <span class='ocrx_word' id='word_1_18' title='bbox 1461 1407 1598 1458; x_wconf 89' lang='lat' dir='ltr'><strong>tantum</strong></span> 
     </span>
    </p>
   </div>
   <div class='ocr_carea' id='block_1_4' title="bbox 388 1479 1521 1564">
    <p class='ocr_par' dir='ltr' id='par_1_4' title="bbox 388 1479 1521 1564">
     <span class='ocr_line' id='line_1_4' title="bbox 388 1479 1521 1564; baseline 0.004 -24"><span class='ocrx_word' id='word_1_19' title='bbox 388 1479 432 1541; x_wconf 92' lang='lat' dir='ltr'><strong>de</strong></span> <span class='ocrx_word' id='word_1_20' title='bbox 447 1489 563 1541; x_wconf 91' lang='lat' dir='ltr'><strong>sancto</strong></span> <span class='ocrx_word' id='word_1_21' title='bbox 579 1481 756 1544; x_wconf 87' lang='lat' dir='ltr'><strong>Germano.</strong></span> <span class='ocrx_word' id='word_1_22' title='bbox 804 1481 843 1543; x_wconf 92' lang='lat' dir='ltr'><strong>ln</strong></span> <span class='ocrx_word' id='word_1_23' title='bbox 860 1481 1015 1543; x_wconf 87' lang='lat' dir='ltr'>laudibus</span> <span class='ocrx_word' id='word_1_24' title='bbox 1030 1501 1148 1543; x_wconf 87' lang='lat' dir='ltr'><strong>omnes</strong></span> <span class='ocrx_word' id='word_1_25' title='bbox 1163 1482 1345 1564; x_wconf 89' lang='lat' dir='ltr'>antiphone</span> <span class='ocrx_word' id='word_1_26' title='bbox 1360 1483 1521 1545; x_wconf 90' lang='lat' dir='ltr'><strong>dicantur.</strong></span> 
     </span>
    </p>
   </div>
   <div class='ocr_carea' id='block_1_5' title="bbox 388 1592 1599 1848">
    <p class='ocr_par' dir='ltr' id='par_1_5' title="bbox 388 1592 1599 1848">
     <span class='ocr_line' id='line_1_5' title="bbox 431 1592 1599 1674; baseline 0.001 -20"><span class='ocrx_word' id='word_1_27' title='bbox 431 1597 465 1666; x_wconf 91' lang='grc' dir='ltr'><strong>(Ι</strong></span> <span class='ocrx_word' id='word_1_28' title='bbox 489 1593 587 1655; x_wconf 85' lang='lat' dir='ltr'><strong>Feria</strong></span> <span class='ocrx_word' id='word_1_29' title='bbox 601 1594 641 1654; x_wconf 94' lang='lat' dir='ltr'><strong>.ii.</strong></span> <span class='ocrx_word' id='word_1_30' title='bbox 651 1594 694 1656; x_wconf 92' lang='lat' dir='ltr'><strong>de</strong></span> <span class='ocrx_word' id='word_1_31' title='bbox 705 1602 822 1655; x_wconf 89' lang='lat' dir='ltr'><strong>sancto</strong></span> <span class='ocrx_word' id='word_1_32' title='bbox 835 1593 942 1668; x_wconf 84' lang='lat' dir='ltr'><strong>Petro,</strong></span> <span class='ocrx_word' id='word_1_33' title='bbox 957 1604 992 1655; x_wconf 93' lang='lat' dir='ltr'><strong>et</strong></span> <span class='ocrx_word' id='word_1_34' title='bbox 1008 1595 1169 1655; x_wconf 89' lang='lat' dir='ltr'><strong>memoria</strong></span> <span class='ocrx_word' id='word_1_35' title='bbox 1184 1594 1227 1655; x_wconf 92' lang='lat' dir='ltr'><strong>de</strong></span> <span class='ocrx_word' id='word_1_36' title='bbox 1237 1592 1459 1674; x_wconf 59' lang='lat' dir='ltr'><strong>martyribus?</strong></span> <span class='ocrx_word' id='word_1_37' title='bbox 1505 1595 1599 1656; x_wconf 90' lang='lat' dir='ltr'><strong>Inui-</strong></span> 
     </span>
     <span class='ocr_line' id='line_1_6' title="bbox 388 1680 1599 1762; baseline 0.003 -22"><span class='ocrx_word' id='word_1_38' title='bbox 388 1681 545 1742; x_wconf 89' lang='lat' dir='ltr'><strong>tatorium</strong></span> <span class='ocrx_word' id='word_1_39' title='bbox 573 1680 708 1762; x_wconf 89' lang='lat' dir='ltr'>triplex,</span> <span class='ocrx_word' id='word_1_40' title='bbox 734 1682 780 1742; x_wconf 87' lang='lat' dir='ltr'><strong>ix.</strong></span> <span class='ocrx_word' id='word_1_41' title='bbox 805 1680 971 1743; x_wconf 87' lang='lat' dir='ltr'><strong>lectiones.</strong></span> <span class='ocrx_word' id='word_1_42' title='bbox 1031 1681 1088 1742; x_wconf 78' lang='lat' dir='ltr'><strong>Ad</strong></span> <span class='ocrx_word' id='word_1_43' title='bbox 1117 1681 1252 1742; x_wconf 87' lang='lat' dir='ltr'><strong>missam</strong></span> <span class='ocrx_word' id='word_1_44' title='bbox 1279 1682 1408 1744; x_wconf 89' lang='lat' dir='ltr'><strong>dicatur</strong></span> <span class='ocrx_word' id='word_1_45' title='bbox 1436 1681 1547 1756; x_wconf 79' lang='lat' dir='ltr'><strong>Credo,</strong></span> <span class='ocrx_word' id='word_1_46' title='bbox 1562 1694 1599 1744; x_wconf 90' lang='lat' dir='ltr'><strong>et</strong></span> 
     </span>
     <span class='ocr_line' id='line_1_7' title="bbox 388 1765 776 1848; baseline 0.005 -21"><span class='ocrx_word' id='word_1_47' title='bbox 388 1765 533 1828; x_wconf 84' lang='lat' dir='ltr'><strong>Prelatio</strong></span> <span class='ocrx_word' id='word_1_48' title='bbox 548 1767 591 1829; x_wconf 91' lang='lat' dir='ltr'><strong>de</strong></span> <span class='ocrx_word' id='word_1_49' title='bbox 606 1767 776 1848; x_wconf 90' lang='lat' dir='ltr'><strong>apostolis.</strong></span> 
     </span>
    </p>
   </div>
   <div class='ocr_carea' id='block_1_6' title="bbox 431 1879 1542 1962">
    <p class='ocr_par' dir='ltr' id='par_1_6' title="bbox 431 1879 1542 1962">
     <span class='ocr_line' id='line_1_8' title="bbox 431 1879 1542 1962; baseline 0 -21"><span class='ocrx_word' id='word_1_50' title='bbox 431 1884 464 1953; x_wconf 89' lang='grc' dir='ltr'><strong>(Ι</strong></span> <span class='ocrx_word' id='word_1_51' title='bbox 487 1879 599 1941; x_wconf 76' lang='lat' dir='ltr'><strong>³Feria</strong></span> <span class='ocrx_word' id='word_1_52' title='bbox 613 1879 666 1942; x_wconf 90' lang='lat' dir='ltr'><strong>.iii.</strong></span> <span class='ocrx_word' id='word_1_53' title='bbox 682 1880 724 1941; x_wconf 91' lang='lat' dir='ltr'><strong>de</strong></span> <span class='ocrx_word' id='word_1_54' title='bbox 740 1879 826 1941; x_wconf 88' lang='lat' dir='ltr'><strong>sesto</strong></span> <span class='ocrx_word' id='word_1_55' title='bbox 841 1879 915 1955; x_wconf 90' lang='lat' dir='ltr'><strong>loci,</strong></span> <span class='ocrx_word' id='word_1_56' title='bbox 929 1893 964 1941; x_wconf 94' lang='lat' dir='ltr'><strong>et</strong></span> <span class='ocrx_word' id='word_1_57' title='bbox 979 1880 1140 1941; x_wconf 91' lang='lat' dir='ltr'><strong>memoria</strong></span> <span class='ocrx_word' id='word_1_58' title='bbox 1155 1881 1198 1941; x_wconf 89' lang='lat' dir='ltr'><strong>de</strong></span> <span class='ocrx_word' id='word_1_59' title='bbox 1212 1889 1331 1942; x_wconf 89' lang='lat' dir='ltr'><strong>sancto</strong></span> <span class='ocrx_word' id='word_1_60' title='bbox 1347 1879 1542 1962; x_wconf 73' lang='lat' dir='ltr'><strong>Stephano.⁴</strong></span> 
     </span>
    </p>
   </div>
   <div class='ocr_carea' id='block_1_7' title="bbox 430 2105 1573 2411">
    <p class='ocr_par' dir='ltr' id='par_1_7' title="bbox 430 2105 1573 2411">
     <span class='ocr_line' id='line_1_9' title="bbox 430 2105 1204 2179; baseline 0 -13"><span class='ocrx_word' id='word_1_61' title='bbox 430 2110 464 2179; x_wconf 99' lang='grc' dir='ltr'><strong>(Ι</strong></span> <span class='ocrx_word' id='word_1_62' title='bbox 489 2105 585 2167; x_wconf 84' lang='lat' dir='ltr'><strong>Feria</strong></span> <span class='ocrx_word' id='word_1_63' title='bbox 600 2127 639 2167; x_wconf 83' lang='lat' dir='ltr'><strong>.v.</strong></span> <span class='ocrx_word' id='word_1_64' title='bbox 655 2106 698 2166; x_wconf 92' lang='lat' dir='ltr'><strong>de</strong></span> <span class='ocrx_word' id='word_1_65' title='bbox 713 2105 862 2166; x_wconf 90' lang='lat' dir='ltr'><strong>secunda</strong></span> <span class='ocrx_word' id='word_1_66' title='bbox 876 2105 1204 2166; x_wconf 87' lang='lat' dir='ltr'><strong>commemoratione.</strong></span> 
     </span>
     <span class='ocr_line' id='line_1_10' title="bbox 430 2215 1573 2293; baseline 0 -14"><span class='ocrx_word' id='word_1_67' title='bbox 430 2224 464 2293; x_wconf 99' lang='grc' dir='ltr'><strong>(Ι</strong></span> <span class='ocrx_word' id='word_1_68' title='bbox 489 2218 584 2279; x_wconf 84' lang='lat' dir='ltr'><strong>Feria</strong></span> <span class='ocrx_word' id='word_1_69' title='bbox 599 2217 650 2279; x_wconf 79' lang='lat' dir='ltr'><strong>‚vi</strong></span> <span class='ocrx_word' id='word_1_70' title='bbox 665 2219 708 2280; x_wconf 90' lang='lat' dir='ltr'><strong>de</strong></span> <span class='ocrx_word' id='word_1_71' title='bbox 723 2226 840 2279; x_wconf 86' lang='lat' dir='ltr'><strong>sancta</strong></span> <span class='ocrx_word' id='word_1_72' title='bbox 857 2216 974 2290; x_wconf 81' lang='lat' dir='ltr'><strong>Maria,</strong></span> <span class='ocrx_word' id='word_1_73' title='bbox 989 2226 1023 2278; x_wconf 92' lang='lat' dir='ltr'><strong>et</strong></span> <span class='ocrx_word' id='word_1_74' title='bbox 1039 2218 1200 2279; x_wconf 88' lang='lat' dir='ltr'><strong>memoria</strong></span> <span class='ocrx_word' id='word_1_75' title='bbox 1214 2217 1257 2278; x_wconf 91' lang='lat' dir='ltr'><strong>de</strong></span> <span class='ocrx_word' id='word_1_76' title='bbox 1272 2226 1389 2278; x_wconf 86' lang='lat' dir='ltr'><strong>sancto</strong></span> <span class='ocrx_word' id='word_1_77' title='bbox 1403 2215 1573 2280; x_wconf 81' lang='lat' dir='ltr'><strong>oswaldo,</strong></span> 
     </span>
     <span class='ocr_line' id='line_1_11' title="bbox 431 2327 1463 2411; baseline -0.004 -18"><span class='ocrx_word' id='word_1_78' title='bbox 431 2336 464 2405; x_wconf 89' lang='grc' dir='ltr'><strong>(Ι</strong></span> <span class='ocrx_word' id='word_1_79' title='bbox 489 2329 640 2394; x_wconf 87' lang='lat' dir='ltr'><strong>Sabbato</strong></span> <span class='ocrx_word' id='word_1_80' title='bbox 654 2331 698 2391; x_wconf 89' lang='lat' dir='ltr'><strong>de</strong></span> <span class='ocrx_word' id='word_1_81' title='bbox 713 2327 1024 2410; x_wconf 84' lang='lat' dir='ltr'><strong>Transfiguratione</strong></span> <span class='ocrx_word' id='word_1_82' title='bbox 1041 2327 1187 2405; x_wconf 89' lang='lat' dir='ltr'><strong>Domini,</strong></span> <span class='ocrx_word' id='word_1_83' title='bbox 1202 2330 1311 2390; x_wconf 91' lang='lat' dir='ltr'><strong>minus</strong></span> <span class='ocrx_word' id='word_1_84' title='bbox 1326 2327 1463 2411; x_wconf 87' lang='lat' dir='ltr'>duplex.</span> 
     </span>
    </p>
   </div>
   <div class='ocr_carea' id='block_1_8' title="bbox 384 2440 1602 2765">
    <p class='ocr_par' dir='ltr' id='par_1_8' title="bbox 384 2440 1602 2765">
     <span class='ocr_line' id='line_1_12' title="bbox 564 2440 1600 2517; baseline 0.001 -13"><span class='ocrx_word' id='word_1_85' title='bbox 564 2448 598 2517; x_wconf 89' lang='grc' dir='ltr'><strong>(Ι</strong></span> <span class='ocrx_word' id='word_1_86' title='bbox 621 2441 801 2505; x_wconf 89' lang='lat' dir='ltr'><strong>Dominica</strong></span> <span class='ocrx_word' id='word_1_87' title='bbox 817 2441 867 2517; x_wconf 85' lang='lat' dir='ltr'><strong>ii,</strong></span> <span class='ocrx_word' id='word_1_88' title='bbox 881 2442 925 2503; x_wconf 92' lang='lat' dir='ltr'><strong>de</strong></span> <span class='ocrx_word' id='word_1_89' title='bbox 947 2440 1076 2503; x_wconf 87' lang='lat' dir='ltr'><strong>solenni</strong></span> <span class='ocrx_word' id='word_1_90' title='bbox 1096 2441 1181 2503; x_wconf 88' lang='lat' dir='ltr'><strong>sesto</strong></span> <span class='ocrx_word' id='word_1_91' title='bbox 1205 2441 1360 2503; x_wconf 81' lang='lat' dir='ltr'><strong>Nominis</strong></span> <span class='ocrx_word' id='word_1_92' title='bbox 1386 2442 1469 2516; x_wconf 90' lang='lat' dir='ltr'><strong>lesu,</strong></span> <span class='ocrx_word' id='word_1_93' title='bbox 1486 2444 1600 2506; x_wconf 89' lang='lat' dir='ltr'><strong>maius</strong></span> 
     </span>
     <span class='ocr_line' id='line_1_13' title="bbox 387 2489 1601 2612; baseline 0.001 -21"><span class='ocrx_word' id='word_1_94' title='bbox 387 2492 460 2560; x_wconf 47' lang='grc' dir='ltr'><strong>ΑΨ·</strong></span> <span class='ocrx_word' id='word_1_95' title='bbox 476 2489 514 2562; x_wconf 77' lang='lat'><strong>7&#39;]</strong></span> <span class='ocrx_word' id='word_1_96' title='bbox 566 2529 713 2612; x_wconf 87' lang='lat' dir='ltr'>duplex:</span> <span class='ocrx_word' id='word_1_97' title='bbox 758 2529 918 2590; x_wconf 91' lang='lat' dir='ltr'><strong>memoria</strong></span> <span class='ocrx_word' id='word_1_98' title='bbox 955 2529 1112 2608; x_wconf 91' lang='lat' dir='ltr'><strong>priuatim</strong></span> <span class='ocrx_word' id='word_1_99' title='bbox 1144 2530 1188 2591; x_wconf 92' lang='lat' dir='ltr'><strong>de</strong></span> <span class='ocrx_word' id='word_1_100' title='bbox 1221 2539 1338 2590; x_wconf 90' lang='lat' dir='ltr'><strong>sancto</strong></span> <span class='ocrx_word' id='word_1_101' title='bbox 1369 2527 1514 2600; x_wconf 82' lang='lat' dir='ltr'><strong>Donato,</strong></span> <span class='ocrx_word' id='word_1_102' title='bbox 1554 2531 1601 2592; x_wconf 90' lang='lat' dir='ltr'><strong>de</strong></span> 
     </span>
     <span class='ocr_line' id='line_1_14' title="bbox 384 2615 1602 2765; baseline 0.002 -88"><span class='ocrx_word' id='word_1_103' title='bbox 384 2615 566 2765; x_wconf 60' lang='lat' dir='ltr'><strong>pipprtiprica,</strong></span> <span class='ocrx_word' id='word_1_104' title='bbox 590 2628 624 2679; x_wconf 92' lang='lat' dir='ltr'><strong>et</strong></span> <span class='ocrx_word' id='word_1_105' title='bbox 648 2618 692 2677; x_wconf 89' lang='lat' dir='ltr'><strong>de</strong></span> <span class='ocrx_word' id='word_1_106' title='bbox 718 2616 894 2678; x_wconf 84' lang='lat' dir='ltr'><strong>Trinitate</strong></span> <span class='ocrx_word' id='word_1_107' title='bbox 949 2615 995 2677; x_wconf 87' lang='lat' dir='ltr'><strong>Et</strong></span> <span class='ocrx_word' id='word_1_108' title='bbox 1033 2616 1134 2677; x_wconf 88' lang='lat' dir='ltr'><strong>missa</strong></span> <span class='ocrx_word' id='word_1_109' title='bbox 1158 2615 1366 2677; x_wconf 90' lang='lat' dir='ltr'><strong>dominicalis</strong></span> <span class='ocrx_word' id='word_1_110' title='bbox 1390 2615 1423 2676; x_wconf 94' lang='lat' dir='ltr'><strong>in</strong></span> <span class='ocrx_word' id='word_1_111' title='bbox 1447 2617 1602 2698; x_wconf 88' lang='lat' dir='ltr'><strong>capitulo</strong></span> 
     </span>
    </p>
   </div>
   <div class='ocr_carea' id='block_1_9' title="bbox 386 2813 1599 2983">
    <p class='ocr_par' dir='ltr' id='par_1_9' title="bbox 386 2813 1599 2983">
     <span class='ocr_line' id='line_1_15' title="bbox 429 2813 1599 2896; baseline 0.001 -19"><span class='ocrx_word' id='word_1_112' title='bbox 429 2821 462 2890; x_wconf 89' lang='grc' dir='ltr'><strong>(Ι</strong></span> <span class='ocrx_word' id='word_1_113' title='bbox 487 2816 585 2877; x_wconf 89' lang='lat' dir='ltr'><strong>Feria</strong></span> <span class='ocrx_word' id='word_1_114' title='bbox 598 2815 639 2877; x_wconf 93' lang='lat' dir='ltr'><strong>.ii.</strong></span> <span class='ocrx_word' id='word_1_115' title='bbox 654 2817 697 2878; x_wconf 90' lang='lat' dir='ltr'><strong>de</strong></span> <span class='ocrx_word' id='word_1_116' title='bbox 713 2815 852 2877; x_wconf 89' lang='lat' dir='ltr'><strong>seruicio</strong></span> <span class='ocrx_word' id='word_1_117' title='bbox 866 2825 1071 2889; x_wconf 90' lang='lat' dir='ltr'><strong>octauarum‚</strong></span> <span class='ocrx_word' id='word_1_118' title='bbox 1085 2824 1152 2876; x_wconf 90' lang='lat' dir='ltr'><strong>tres</strong></span> <span class='ocrx_word' id='word_1_119' title='bbox 1167 2813 1326 2876; x_wconf 89' lang='lat' dir='ltr'><strong>lectiones</strong></span> <span class='ocrx_word' id='word_1_120' title='bbox 1341 2834 1416 2876; x_wconf 93' lang='lat' dir='ltr'><strong>cum</strong></span> <span class='ocrx_word' id='word_1_121' title='bbox 1433 2815 1599 2896; x_wconf 87' lang='lat' dir='ltr'><strong>regimine</strong></span> 
     </span>
     <span class='ocr_line' id='line_1_16' title="bbox 386 2901 1375 2983; baseline -0.001 -18"><span class='ocrx_word' id='word_1_122' title='bbox 386 2902 486 2979; x_wconf 90' lang='lat' dir='ltr'><strong>chori,</strong></span> <span class='ocrx_word' id='word_1_123' title='bbox 501 2911 535 2965; x_wconf 91' lang='lat' dir='ltr'><strong>et</strong></span> <span class='ocrx_word' id='word_1_124' title='bbox 551 2903 711 2964; x_wconf 87' lang='lat' dir='ltr'><strong>memoria</strong></span> <span class='ocrx_word' id='word_1_125' title='bbox 725 2902 768 2965; x_wconf 93' lang='lat' dir='ltr'><strong>de</strong></span> <span class='ocrx_word' id='word_1_126' title='bbox 783 2911 900 2964; x_wconf 88' lang='lat' dir='ltr'><strong>sancto</strong></span> <span class='ocrx_word' id='word_1_127' title='bbox 915 2901 1024 2965; x_wconf 88' lang='lat' dir='ltr'><strong>Cirico</strong></span> <span class='ocrx_word' id='word_1_128' title='bbox 1039 2902 1283 2983; x_wconf 77' lang='lat' dir='ltr'><strong>sociorumque³</strong></span> <span class='ocrx_word' id='word_1_129' title='bbox 1298 2902 1375 2964; x_wconf 81' lang='lat' dir='ltr'><strong>cius.</strong></span> 
     </span>
    </p>
   </div>
   <div class='ocr_carea' id='block_1_10' title="bbox 388 3030 1600 3181">
    <p class='ocr_par' dir='ltr' id='par_1_10' title="bbox 388 3030 1600 3181">
     <span class='ocr_line' id='line_1_17' title="bbox 429 3030 1600 3105; baseline 0 -12"><span class='ocrx_word' id='word_1_130' title='bbox 429 3036 463 3105; x_wconf 91' lang='grc' dir='ltr'><strong>(Ι</strong></span> <span class='ocrx_word' id='word_1_131' title='bbox 488 3032 650 3094; x_wconf 79' lang='lat' dir='ltr'><strong>Feriaiii.</strong></span> <span class='ocrx_word' id='word_1_132' title='bbox 665 3032 708 3093; x_wconf 92' lang='lat' dir='ltr'><strong>de</strong></span> <span class='ocrx_word' id='word_1_133' title='bbox 734 3031 874 3093; x_wconf 87' lang='lat' dir='ltr'><strong>seruicio</strong></span> <span class='ocrx_word' id='word_1_134' title='bbox 900 3033 1127 3093; x_wconf 76' lang='lat' dir='ltr'><strong>octauarum⁶:</strong></span> <span class='ocrx_word' id='word_1_135' title='bbox 1162 3041 1228 3092; x_wconf 89' lang='lat' dir='ltr'><strong>tres</strong></span> <span class='ocrx_word' id='word_1_136' title='bbox 1255 3030 1414 3092; x_wconf 90' lang='lat' dir='ltr'><strong>lectiones</strong></span> <span class='ocrx_word' id='word_1_137' title='bbox 1437 3080 1443 3092; x_wconf 92' lang='lat'>.</span> <span class='ocrx_word' id='word_1_138' title='bbox 1466 3042 1500 3092; x_wconf 93' lang='lat' dir='ltr'><strong>et</strong></span> <span class='ocrx_word' id='word_1_139' title='bbox 1526 3051 1600 3093; x_wconf 92' lang='lat' dir='ltr'><strong>me-</strong></span> 
     </span>
     <span class='ocr_line' id='line_1_18' title="bbox 388 3118 876 3181; baseline 0.002 -3"><span class='ocrx_word' id='word_1_140' title='bbox 388 3118 493 3181; x_wconf 89' lang='lat' dir='ltr'><strong>moria</strong></span> <span class='ocrx_word' id='word_1_141' title='bbox 508 3119 551 3180; x_wconf 92' lang='lat' dir='ltr'><strong>de</strong></span> <span class='ocrx_word' id='word_1_142' title='bbox 567 3128 683 3181; x_wconf 89' lang='lat' dir='ltr'><strong>sancto</strong></span> <span class='ocrx_word' id='word_1_143' title='bbox 699 3118 876 3180; x_wconf 67' lang='lat' dir='ltr'><strong>Romano!</strong></span> 
     </span>
    </p>
   </div>
   <div class='ocr_carea' id='block_1_11' title="bbox 386 3244 1599 3414">
    <p class='ocr_par' dir='ltr' id='par_1_11' title="bbox 386 3244 1599 3414">
     <span class='ocr_line' id='line_1_19' title="bbox 431 3244 1599 3323; baseline 0.001 -16"><span class='ocrx_word' id='word_1_144' title='bbox 431 3251 464 3320; x_wconf 89' lang='grc' dir='ltr'><strong>(Ι</strong></span> <span class='ocrx_word' id='word_1_145' title='bbox 488 3245 587 3307; x_wconf 89' lang='lat' dir='ltr'><strong>Feria</strong></span> <span class='ocrx_word' id='word_1_146' title='bbox 601 3246 662 3308; x_wconf 83' lang='lat' dir='ltr'><strong>iiii.</strong></span> <span class='ocrx_word' id='word_1_147' title='bbox 679 3245 722 3307; x_wconf 92' lang='lat' dir='ltr'><strong>de</strong></span> <span class='ocrx_word' id='word_1_148' title='bbox 736 3255 854 3307; x_wconf 90' lang='lat' dir='ltr'><strong>sancto</strong></span> <span class='ocrx_word' id='word_1_149' title='bbox 878 3246 1070 3323; x_wconf 89' lang='lat' dir='ltr'><strong>Laurenti0,</strong></span> <span class='ocrx_word' id='word_1_150' title='bbox 1086 3246 1130 3307; x_wconf 90' lang='lat' dir='ltr'><strong>ix.</strong></span> <span class='ocrx_word' id='word_1_151' title='bbox 1146 3244 1313 3307; x_wconf 90' lang='lat' dir='ltr'><strong>lectiones.</strong></span> <span class='ocrx_word' id='word_1_152' title='bbox 1361 3245 1599 3308; x_wconf 86' lang='lat' dir='ltr'><strong>Inuitatorium</strong></span> 
     </span>
     <span class='ocr_line' id='line_1_20' title="bbox 386 3331 987 3414; baseline 0 -21"><span class='ocrx_word' id='word_1_153' title='bbox 386 3331 521 3414; x_wconf 84' lang='lat' dir='ltr'><strong>triplex,</strong></span> <span class='ocrx_word' id='word_1_154' title='bbox 536 3342 570 3394; x_wconf 91' lang='lat' dir='ltr'><strong>et</strong></span> <span class='ocrx_word' id='word_1_155' title='bbox 588 3334 747 3395; x_wconf 86' lang='lat' dir='ltr'><strong>memoria</strong></span> <span class='ocrx_word' id='word_1_156' title='bbox 762 3333 804 3395; x_wconf 91' lang='lat' dir='ltr'><strong>de</strong></span> <span class='ocrx_word' id='word_1_157' title='bbox 819 3332 987 3394; x_wconf 83' lang='lat' dir='ltr'><strong>octauis.⁸b</strong></span> 
     </span>
    </p>
   </div>
   <div class='ocr_carea' id='block_1_12' title="bbox 390 3607 1601 4770">
    <p class='ocr_par' dir='ltr' id='par_1_12' title="bbox 421 3607 1270 3674">
     <span class='ocr_line' id='line_1_21' title="bbox 421 3607 1270 3674; baseline -0.002 -15"><span class='ocrx_word' id='word_1_158' title='bbox 421 3607 429 3639; x_wconf 91' lang='lat'>¹</span> <span class='ocrx_word' id='word_1_159' title='bbox 449 3608 586 3674; x_wconf 82' lang='lat' dir='ltr'><strong>Heading:</strong></span> <span class='ocrx_word' id='word_1_160' title='bbox 602 3627 649 3658; x_wconf 86' lang='lat' dir='ltr'><strong>om.</strong></span> <span class='ocrx_word' id='word_1_161' title='bbox 664 3609 706 3671; x_wconf 84' lang='lat'><strong>87,</strong></span> <span class='ocrx_word' id='word_1_162' title='bbox 718 3609 758 3659; x_wconf 90' lang='lat'><strong>88.</strong></span> <span class='ocrx_word' id='word_1_163' title='bbox 1087 3607 1099 3638; x_wconf 73' lang='lat'><strong>²</strong></span> <span class='ocrx_word' id='word_1_164' title='bbox 1116 3609 1270 3658; x_wconf 87' lang='lat' dir='ltr'><strong>Machabeis.</strong></span> 
     </span>
    </p>

    <p class='ocr_par' dir='ltr' id='par_1_13' title="bbox 390 3673 1595 3804">
     <span class='ocr_line' id='line_1_22' title="bbox 422 3673 1595 3740; baseline 0.001 -16"><span class='ocrx_word' id='word_1_165' title='bbox 422 3673 475 3710; x_wconf 83' lang='lat'><strong>²-⁴</strong></span> <span class='ocrx_word' id='word_1_166' title='bbox 493 3676 565 3725; x_wconf 74' lang='lat' dir='ltr'><strong>Feria</strong></span> <span class='ocrx_word' id='word_1_167' title='bbox 580 3675 615 3723; x_wconf 90' lang='lat' dir='ltr'><strong>iii.</strong></span> <span class='ocrx_word' id='word_1_168' title='bbox 638 3677 671 3724; x_wconf 86' lang='lat' dir='ltr'><strong>de</strong></span> <span class='ocrx_word' id='word_1_169' title='bbox 691 3687 778 3725; x_wconf 83' lang='lat' dir='ltr'><strong>sancto</strong></span> <span class='ocrx_word' id='word_1_170' title='bbox 798 3676 937 3740; x_wconf 84' lang='lat' dir='ltr'><strong>Stephano,</strong></span> <span class='ocrx_word' id='word_1_171' title='bbox 959 3691 1034 3740; x_wconf 73' lang='lat' dir='ltr'><strong>papa</strong></span> <span class='ocrx_word' id='word_1_172' title='bbox 1081 3675 1254 3724; x_wconf 84' lang='lat' dir='ltr'><strong>Inuitatorium</strong></span> <span class='ocrx_word' id='word_1_173' title='bbox 1272 3675 1374 3739; x_wconf 82' lang='lat' dir='ltr'><strong>duplex.</strong></span> <span class='ocrx_word' id='word_1_174' title='bbox 1396 3683 1445 3723; x_wconf 85' lang='lat' dir='ltr'><strong>tres</strong></span> <span class='ocrx_word' id='word_1_175' title='bbox 1464 3674 1595 3726; x_wconf 84' lang='lat' dir='ltr'><strong>lectiones.</strong></span> 
     </span>
     <span class='ocr_line' id='line_1_23' title="bbox 390 3739 887 3804; baseline -0.002 -13"><span class='ocrx_word' id='word_1_176' title='bbox 390 3739 533 3804; x_wconf 75' lang='lat' dir='ltr'><strong>Capitulum</strong></span> <span class='ocrx_word' id='word_1_177' title='bbox 549 3742 639 3789; x_wconf 83' lang='lat' dir='ltr'><strong>Omnis</strong></span> <span class='ocrx_word' id='word_1_178' title='bbox 644 3743 777 3804; x_wconf 67' lang='lat' dir='ltr'><strong>pontifex:</strong></span> <span class='ocrx_word' id='word_1_179' title='bbox 793 3741 834 3803; x_wconf 90' lang='lat'><strong>87,</strong></span> <span class='ocrx_word' id='word_1_180' title='bbox 847 3740 887 3790; x_wconf 84' lang='lat'><strong>88.</strong></span> 
     </span>
    </p>

    <p class='ocr_par' dir='ltr' id='par_1_14' title="bbox 422 3805 887 3870">
     <span class='ocr_line' id='line_1_24' title="bbox 422 3805 887 3870; baseline 0 -15"><span class='ocrx_word' id='word_1_181' title='bbox 422 3805 480 3840; x_wconf 78' lang='lat'><em>²-¹’</em></span> <span class='ocrx_word' id='word_1_182' title='bbox 497 3805 641 3870; x_wconf 85' lang='lat' dir='ltr'><strong>Capitulum</strong></span> <span class='ocrx_word' id='word_1_183' title='bbox 654 3808 783 3854; x_wconf 77' lang='lat' dir='ltr'><strong>Iustorum</strong></span> <span class='ocrx_word' id='word_1_184' title='bbox 795 3809 887 3855; x_wconf 83' lang='lat' dir='ltr'><strong>anime.</strong></span> 
     </span>
    </p>

    <p class='ocr_par' dir='ltr' id='par_1_15' title="bbox 456 3870 753 3921">
     <span class='ocr_line' id='line_1_25' title="bbox 456 3870 753 3921; baseline 0 -1"><span class='ocrx_word' id='word_1_185' title='bbox 456 3872 529 3921; x_wconf 85' lang='lat' dir='ltr'><strong>Feria</strong></span> <span class='ocrx_word' id='word_1_186' title='bbox 541 3889 563 3920; x_wconf 89' lang='lat' dir='ltr'><strong>v.</strong></span> <span class='ocrx_word' id='word_1_187' title='bbox 578 3871 610 3919; x_wconf 89' lang='lat' dir='ltr'><strong>dc</strong></span> <span class='ocrx_word' id='word_1_188' title='bbox 622 3870 685 3920; x_wconf 81' lang='lat' dir='ltr'><strong>testo</strong></span> <span class='ocrx_word' id='word_1_189' title='bbox 697 3871 753 3920; x_wconf 91' lang='lat' dir='ltr'><strong>loci.</strong></span> 
     </span>
    </p>

    <p class='ocr_par' dir='ltr' id='par_1_16' title="bbox 458 3934 1601 4125">
     <span class='ocr_line' id='line_1_26' title="bbox 458 3934 1599 3999; baseline -0.002 -13"><span class='ocrx_word' id='word_1_190' title='bbox 458 3937 530 3987; x_wconf 88' lang='lat' dir='ltr'><strong>Feria</strong></span> <span class='ocrx_word' id='word_1_191' title='bbox 547 3937 579 3986; x_wconf 89' lang='lat' dir='ltr'><strong>vi.</strong></span> <span class='ocrx_word' id='word_1_192' title='bbox 599 3935 631 3984; x_wconf 86' lang='lat' dir='ltr'><strong>de</strong></span> <span class='ocrx_word' id='word_1_193' title='bbox 649 3947 735 3985; x_wconf 89' lang='lat' dir='ltr'><strong>sancto</strong></span> <span class='ocrx_word' id='word_1_194' title='bbox 755 3936 884 3986; x_wconf 86' lang='lat' dir='ltr'><strong>Oswaldo.</strong></span> <span class='ocrx_word' id='word_1_195' title='bbox 922 3935 1096 3985; x_wconf 87' lang='lat' dir='ltr'><strong>Inuitatorium</strong></span> <span class='ocrx_word' id='word_1_196' title='bbox 1113 3935 1205 3999; x_wconf 84' lang='lat' dir='ltr'><strong>duplex</strong></span> <span class='ocrx_word' id='word_1_197' title='bbox 1223 3934 1257 3984; x_wconf 88' lang='lat' dir='ltr'><strong>iii.</strong></span> <span class='ocrx_word' id='word_1_198' title='bbox 1278 3935 1404 3984; x_wconf 84' lang='lat' dir='ltr'><strong>lectiones.</strong></span> <span class='ocrx_word' id='word_1_199' title='bbox 1440 3934 1553 3985; x_wconf 62' lang='lat' dir='ltr'><strong>sablano</strong></span> <span class='ocrx_word' id='word_1_200' title='bbox 1564 3936 1599 3984; x_wconf 91' lang='lat' dir='ltr'><strong>de</strong></span> 
     </span>
     <span class='ocr_line' id='line_1_27' title="bbox 521 4000 1601 4064; baseline -0.001 -13"><span class='ocrx_word' id='word_1_201' title='bbox 521 4013 607 4051; x_wconf 86' lang='lat' dir='ltr'><strong>sancta</strong></span> <span class='ocrx_word' id='word_1_202' title='bbox 625 4001 706 4049; x_wconf 86' lang='lat' dir='ltr'><strong>Maria</strong></span> <span class='ocrx_word' id='word_1_203' title='bbox 723 4010 749 4050; x_wconf 89' lang='lat' dir='ltr'><strong>et</strong></span> <span class='ocrx_word' id='word_1_204' title='bbox 766 4002 885 4050; x_wconf 87' lang='lat' dir='ltr'><strong>memoria</strong></span> <span class='ocrx_word' id='word_1_205' title='bbox 896 4002 928 4050; x_wconf 84' lang='lat' dir='ltr'><strong>de</strong></span> <span class='ocrx_word' id='word_1_206' title='bbox 940 4001 1097 4064; x_wconf 71' lang='lat' dir='ltr'><strong>martyribus.</strong></span> <span class='ocrx_word' id='word_1_207' title='bbox 1135 4000 1185 4049; x_wconf 91' lang='lat' dir='ltr'><strong>Vbi</strong></span> <span class='ocrx_word' id='word_1_208' title='bbox 1203 4001 1265 4049; x_wconf 88' lang='lat' dir='ltr'><strong>liunt</strong></span> <span class='ocrx_word' id='word_1_209' title='bbox 1282 4011 1332 4050; x_wconf 89' lang='lat' dir='ltr'><strong>tres</strong></span> <span class='ocrx_word' id='word_1_210' title='bbox 1348 4001 1601 4050; x_wconf 80' lang='lat' dir='ltr'><strong>commemorationes</strong></span> 
     </span>
     <span class='ocr_line' id='line_1_28' title="bbox 522 4065 1300 4125; baseline -0.001 -10"><span class='ocrx_word' id='word_1_211' title='bbox 522 4067 547 4115; x_wconf 94' lang='lat' dir='ltr'><strong>in</strong></span> <span class='ocrx_word' id='word_1_212' title='bbox 559 4067 591 4115; x_wconf 84' lang='lat' dir='ltr'><strong>vi.</strong></span> <span class='ocrx_word' id='word_1_213' title='bbox 606 4065 666 4115; x_wconf 84' lang='lat' dir='ltr'><strong>seria</strong></span> <span class='ocrx_word' id='word_1_214' title='bbox 678 4067 721 4115; x_wconf 89' lang='lat' dir='ltr'><strong>liat</strong></span> <span class='ocrx_word' id='word_1_215' title='bbox 732 4083 781 4114; x_wconf 70' lang='lat' dir='ltr'><strong>sna</strong></span> <span class='ocrx_word' id='word_1_216' title='bbox 792 4067 1005 4125; x_wconf 87' lang='lat' dir='ltr'><strong>commemoratio,</strong></span> <span class='ocrx_word' id='word_1_217' title='bbox 1019 4077 1043 4115; x_wconf 88' lang='lat' dir='ltr'><strong>et</strong></span> <span class='ocrx_word' id='word_1_218' title='bbox 1054 4066 1175 4115; x_wconf 83' lang='lat' dir='ltr'><strong>memoria</strong></span> <span class='ocrx_word' id='word_1_219' title='bbox 1186 4066 1218 4114; x_wconf 91' lang='lat' dir='ltr'><strong>de</strong></span> <span class='ocrx_word' id='word_1_220' title='bbox 1230 4066 1300 4114; x_wconf 81' lang='lat' dir='ltr'><strong>sesto.</strong></span> 
     </span>
    </p>

    <p class='ocr_par' dir='ltr' id='par_1_17' title="bbox 457 4130 1598 4260">
     <span class='ocr_line' id='line_1_29' title="bbox 457 4130 1598 4190; baseline 0 -9"><span class='ocrx_word' id='word_1_221' title='bbox 457 4132 592 4182; x_wconf 89' lang='lat' dir='ltr'><strong>Dominica</strong></span> <span class='ocrx_word' id='word_1_222' title='bbox 612 4132 637 4180; x_wconf 91' lang='lat' dir='ltr'><strong>ii.</strong></span> <span class='ocrx_word' id='word_1_223' title='bbox 659 4131 691 4180; x_wconf 88' lang='lat' dir='ltr'><strong>de</strong></span> <span class='ocrx_word' id='word_1_224' title='bbox 711 4130 815 4180; x_wconf 87' lang='lat' dir='ltr'><strong>seruicio</strong></span> <span class='ocrx_word' id='word_1_225' title='bbox 835 4131 990 4190; x_wconf 82' lang='lat' dir='ltr'><strong>dominicali,</strong></span> <span class='ocrx_word' id='word_1_226' title='bbox 1011 4132 1094 4180; x_wconf 89' lang='lat' dir='ltr'><strong>medie</strong></span> <span class='ocrx_word' id='word_1_227' title='bbox 1112 4131 1232 4180; x_wconf 85' lang='lat' dir='ltr'><strong>lectiones</strong></span> <span class='ocrx_word' id='word_1_228' title='bbox 1250 4132 1282 4180; x_wconf 89' lang='lat' dir='ltr'><strong>de</strong></span> <span class='ocrx_word' id='word_1_229' title='bbox 1301 4141 1387 4179; x_wconf 86' lang='lat' dir='ltr'><strong>sancto</strong></span> <span class='ocrx_word' id='word_1_230' title='bbox 1407 4130 1516 4180; x_wconf 85' lang='lat' dir='ltr'><strong>Donato.</strong></span> <span class='ocrx_word' id='word_1_231' title='bbox 1566 4133 1598 4181; x_wconf 95' lang='lat' dir='ltr'><strong>ln</strong></span> 
     </span>
     <span class='ocr_line' id='line_1_30' title="bbox 522 4197 853 4260; baseline -0.003 -14"><span class='ocrx_word' id='word_1_232' title='bbox 522 4197 636 4248; x_wconf 87' lang='lat' dir='ltr'><strong>laudibus</strong></span> <span class='ocrx_word' id='word_1_233' title='bbox 647 4213 696 4245; x_wconf 89' lang='lat' dir='ltr'><strong>vna</strong></span> <span class='ocrx_word' id='word_1_234' title='bbox 707 4197 853 4260; x_wconf 87' lang='lat' dir='ltr'><strong>antiphona.</strong></span> 
     </span>
    </p>

    <p class='ocr_par' dir='ltr' id='par_1_18' title="bbox 458 4260 1601 4390">
     <span class='ocr_line' id='line_1_31' title="bbox 458 4260 1601 4327; baseline -0.003 -15"><span class='ocrx_word' id='word_1_235' title='bbox 458 4262 530 4313; x_wconf 84' lang='lat' dir='ltr'><strong>Feria</strong></span> <span class='ocrx_word' id='word_1_236' title='bbox 543 4263 567 4311; x_wconf 93' lang='lat' dir='ltr'><strong>ii.</strong></span> <span class='ocrx_word' id='word_1_237' title='bbox 582 4264 614 4313; x_wconf 92' lang='lat' dir='ltr'><strong>de</strong></span> <span class='ocrx_word' id='word_1_238' title='bbox 626 4264 689 4312; x_wconf 85' lang='lat' dir='ltr'><strong>sesto</strong></span> <span class='ocrx_word' id='word_1_239' title='bbox 701 4263 749 4310; x_wconf 92' lang='lat' dir='ltr'><strong>loci</strong></span> <span class='ocrx_word' id='word_1_240' title='bbox 761 4271 785 4311; x_wconf 92' lang='lat' dir='ltr'><strong>et</strong></span> <span class='ocrx_word' id='word_1_241' title='bbox 798 4261 916 4310; x_wconf 87' lang='lat' dir='ltr'><strong>memoria</strong></span> <span class='ocrx_word' id='word_1_242' title='bbox 933 4261 966 4311; x_wconf 87' lang='lat' dir='ltr'><strong>de</strong></span> <span class='ocrx_word' id='word_1_243' title='bbox 977 4261 1135 4327; x_wconf 83' lang='lat' dir='ltr'><strong>martyribus.</strong></span> <span class='ocrx_word' id='word_1_244' title='bbox 1170 4261 1212 4310; x_wconf 80' lang='lat' dir='ltr'><strong>Ad</strong></span> <span class='ocrx_word' id='word_1_245' title='bbox 1229 4277 1345 4326; x_wconf 76' lang='lat' dir='ltr'><strong>vesperas</strong></span> <span class='ocrx_word' id='word_1_246' title='bbox 1361 4260 1500 4324; x_wconf 87' lang='lat' dir='ltr'><strong>antiphona</strong></span> <span class='ocrx_word' id='word_1_247' title='bbox 1517 4262 1601 4310; x_wconf 82' lang='lat' dir='ltr'><strong>Dixi!</strong></span> 
     </span>
     <span class='ocr_line' id='line_1_32' title="bbox 524 4327 947 4390; baseline -0.007 -12"><span class='ocrx_word' id='word_1_248' title='bbox 524 4331 653 4378; x_wconf 83' lang='lat' dir='ltr'><strong>Romanus</strong></span> <span class='ocrx_word' id='word_1_249' title='bbox 665 4328 778 4376; x_wconf 83' lang='lat' dir='ltr'><strong>Psalmus</strong></span> <span class='ocrx_word' id='word_1_250' title='bbox 791 4327 947 4390; x_wconf 71' lang='lat' dir='ltr'><strong>Mugm&#39;ficat.</strong></span> 
     </span>
    </p>

    <p class='ocr_par' dir='ltr' id='par_1_19' title="bbox 458 4391 1596 4521">
     <span class='ocr_line' id='line_1_33' title="bbox 458 4391 1596 4455; baseline 0 -12"><span class='ocrx_word' id='word_1_251' title='bbox 458 4395 478 4443; x_wconf 91' lang='lat' dir='ltr'>F</span> <span class='ocrx_word' id='word_1_252' title='bbox 480 4394 531 4443; x_wconf 87' lang='lat' dir='ltr'><strong>cria</strong></span> <span class='ocrx_word' id='word_1_253' title='bbox 548 4394 582 4443; x_wconf 90' lang='lat' dir='ltr'><strong>iii.</strong></span> <span class='ocrx_word' id='word_1_254' title='bbox 597 4394 629 4443; x_wconf 90' lang='lat' dir='ltr'><strong>de</strong></span> <span class='ocrx_word' id='word_1_255' title='bbox 640 4403 727 4442; x_wconf 82' lang='lat' dir='ltr'><strong>sancto</strong></span> <span class='ocrx_word' id='word_1_256' title='bbox 740 4393 855 4440; x_wconf 87' lang='lat' dir='ltr'><strong>Romano</strong></span> <span class='ocrx_word' id='word_1_257' title='bbox 867 4408 922 4441; x_wconf 89' lang='lat' dir='ltr'><strong>cum</strong></span> <span class='ocrx_word' id='word_1_258' title='bbox 935 4401 1065 4441; x_wconf 89' lang='lat' dir='ltr'><strong>nocturno.</strong></span> <span class='ocrx_word' id='word_1_259' title='bbox 1102 4391 1271 4455; x_wconf 87' lang='lat' dir='ltr'><strong>Responsoria</strong></span> <span class='ocrx_word' id='word_1_260' title='bbox 1287 4392 1320 4441; x_wconf 87' lang='lat' dir='ltr'><strong>de</strong></span> <span class='ocrx_word' id='word_1_261' title='bbox 1339 4391 1448 4441; x_wconf 84' lang='lat' dir='ltr'><strong>secundo</strong></span> <span class='ocrx_word' id='word_1_262' title='bbox 1465 4402 1596 4443; x_wconf 86' lang='lat' dir='ltr'><strong>nocturno.</strong></span> 
     </span>
     <span class='ocr_line' id='line_1_34' title="bbox 523 4456 1050 4521; baseline -0.004 -14"><span class='ocrx_word' id='word_1_263' title='bbox 523 4460 601 4509; x_wconf 82' lang='lat' dir='ltr'><strong>Missa</strong></span> <span class='ocrx_word' id='word_1_264' title='bbox 613 4460 645 4508; x_wconf 89' lang='lat' dir='ltr'><strong>de</strong></span> <span class='ocrx_word' id='word_1_265' title='bbox 657 4456 742 4521; x_wconf 77' lang='lat' dir='ltr'><strong>vigilia</strong></span> <span class='ocrx_word' id='word_1_266' title='bbox 754 4473 810 4505; x_wconf 91' lang='lat' dir='ltr'><strong>cum</strong></span> <span class='ocrx_word' id='word_1_267' title='bbox 823 4457 924 4521; x_wconf 81' lang='lat' dir='ltr'><strong>propria</strong></span> <span class='ocrx_word' id='word_1_268' title='bbox 936 4456 1050 4520; x_wconf 86' lang='lat' dir='ltr'><strong>epistola.</strong></span> 
     </span>
    </p>

    <p class='ocr_par' dir='ltr' id='par_1_20' title="bbox 458 4520 1512 4585">
     <span class='ocr_line' id='line_1_35' title="bbox 458 4520 1512 4585; baseline -0.003 -12"><span class='ocrx_word' id='word_1_269' title='bbox 458 4525 530 4574; x_wconf 85' lang='lat' dir='ltr'><strong>Feria</strong></span> <span class='ocrx_word' id='word_1_270' title='bbox 542 4525 584 4574; x_wconf 83' lang='lat' dir='ltr'><strong>iiii.</strong></span> <span class='ocrx_word' id='word_1_271' title='bbox 598 4525 631 4574; x_wconf 86' lang='lat' dir='ltr'><strong>de</strong></span> <span class='ocrx_word' id='word_1_272' title='bbox 642 4534 728 4572; x_wconf 84' lang='lat' dir='ltr'><strong>sancto</strong></span> <span class='ocrx_word' id='word_1_273' title='bbox 742 4522 885 4572; x_wconf 84' lang='lat' dir='ltr'><strong>Laurentio.</strong></span> <span class='ocrx_word' id='word_1_274' title='bbox 923 4522 1096 4571; x_wconf 86' lang='lat' dir='ltr'><strong>Inuitatorium</strong></span> <span class='ocrx_word' id='word_1_275' title='bbox 1116 4521 1213 4585; x_wconf 82' lang='lat' dir='ltr'><strong>triplex.</strong></span> <span class='ocrx_word' id='word_1_276' title='bbox 1228 4521 1260 4570; x_wconf 88' lang='lat' dir='ltr'><strong>ix.</strong></span> <span class='ocrx_word' id='word_1_277' title='bbox 1276 4522 1405 4581; x_wconf 85' lang='lat' dir='ltr'><strong>lectiones,</strong></span> <span class='ocrx_word' id='word_1_278' title='bbox 1418 4520 1458 4582; x_wconf 90' lang='lat'><strong>87,</strong></span> <span class='ocrx_word' id='word_1_279' title='bbox 1472 4521 1512 4570; x_wconf 86' lang='lat'><strong>88.</strong></span> 
     </span>
    </p>

    <p class='ocr_par' dir='ltr' id='par_1_21' title="bbox 421 4585 1423 4770">
     <span class='ocr_line' id='line_1_36' title="bbox 423 4585 1258 4654; baseline -0.004 -15"><span class='ocrx_word' id='word_1_280' title='bbox 423 4588 433 4619; x_wconf 75' lang='lat'>⁵</span> <span class='ocrx_word' id='word_1_281' title='bbox 449 4590 587 4654; x_wconf 83' lang='lat' dir='ltr'><strong>sociisque:</strong></span> <span class='ocrx_word' id='word_1_282' title='bbox 605 4601 646 4651; x_wconf 87' lang='lat'><strong>97,</strong></span> <span class='ocrx_word' id='word_1_283' title='bbox 658 4601 698 4637; x_wconf 92' lang='lat'><strong>01.</strong></span> <span class='ocrx_word' id='word_1_284' title='bbox 1038 4585 1049 4616; x_wconf 74' lang='lat'>⁶</span> <span class='ocrx_word' id='word_1_285' title='bbox 1066 4587 1182 4636; x_wconf 87' lang='lat' dir='ltr'><strong>Nominis</strong></span> <span class='ocrx_word' id='word_1_286' title='bbox 1195 4588 1258 4636; x_wconf 86' lang='lat' dir='ltr'><strong>lesu.</strong></span> 
     </span>
     <span class='ocr_line' id='line_1_37' title="bbox 421 4651 1423 4752; baseline -0.002 -48"><span class='ocrx_word' id='word_1_287' title='bbox 421 4654 433 4752; x_wconf 57' lang='grc' dir='ltr'>ἔ</span> <span class='ocrx_word' id='word_1_288' title='bbox 451 4655 529 4704; x_wconf 83' lang='lat' dir='ltr'><strong>Missa</strong></span> <span class='ocrx_word' id='word_1_289' title='bbox 540 4657 572 4704; x_wconf 88' lang='lat' dir='ltr'><strong>de</strong></span> <span class='ocrx_word' id='word_1_290' title='bbox 584 4653 668 4719; x_wconf 78' lang='lat' dir='ltr'><strong>vigilia</strong></span> <span class='ocrx_word' id='word_1_291' title='bbox 679 4652 769 4703; x_wconf 89' lang='lat' dir='ltr'><strong>dicitur</strong></span> <span class='ocrx_word' id='word_1_292' title='bbox 781 4661 838 4717; x_wconf 88' lang='lat' dir='ltr'><strong>post</strong></span> <span class='ocrx_word' id='word_1_293' title='bbox 849 4661 944 4702; x_wconf 84' lang='lat' dir='ltr'><strong>sextam</strong></span> <span class='ocrx_word' id='word_1_294' title='bbox 956 4653 988 4701; x_wconf 89' lang='lat' dir='ltr'><strong>ad</strong></span> <span class='ocrx_word' id='word_1_295' title='bbox 998 4651 1135 4717; x_wconf 83' lang='lat' dir='ltr'><strong>principale</strong></span> <span class='ocrx_word' id='word_1_296' title='bbox 1146 4654 1242 4702; x_wconf 86' lang='lat' dir='ltr'><strong>altare:</strong></span> <span class='ocrx_word' id='word_1_297' title='bbox 1259 4654 1315 4701; x_wconf 82' lang='lat' dir='ltr'><strong>add.</strong></span> <span class='ocrx_word' id='word_1_298' title='bbox 1329 4665 1370 4714; x_wconf 87' lang='lat'><strong>97,</strong></span> <span class='ocrx_word' id='word_1_299' title='bbox 1383 4665 1423 4702; x_wconf 90' lang='lat' dir='ltr'><strong>ot.</strong></span> 
     </span>
     <span class='ocr_line' id='line_1_38' title="bbox 448 4720 641 4770; baseline -0.01 0"><span class='ocrx_word' id='word_1_300' title='bbox 448 4720 564 4770; x_wconf 78' lang='lat' dir='ltr'><strong>Nominis</strong></span> <span class='ocrx_word' id='word_1_301' title='bbox 577 4721 641 4769; x_wconf 85' lang='lat' dir='ltr'><strong>lesu.</strong></span> 
     </span>
    </p>
   </div>
   <div class='ocr_carea' id='block_1_13' title="bbox 0 0 1942 5734">
    <p class='ocr_par' dir='ltr' id='par_1_22' title="bbox 0 0 1942 5734">
     <span class='ocr_line' id='line_1_39' title="bbox 0 0 1942 5734; baseline 0 0"><span class='ocrx_word' id='word_1_302' title='bbox 0 0 1942 5734; x_wconf 95' lang='lat' dir='ltr'><strong> </strong></span> 
     </span>
    </p>
   </div>
  </div>
 </body>
</html>
