<?xml version="1.0" encoding="UTF-8"?>
<!DOCTYPE html PUBLIC "-//W3C//DTD XHTML 1.0 Transitional//EN"
    "http://www.w3.org/TR/xhtml1/DTD/xhtml1-transitional.dtd">
<html xmlns="http://www.w3.org/1999/xhtml" xml:lang="en" lang="en">
 <head>
  <title>
</title>
<meta http-equiv="Content-Type" content="text/html;charset=utf-8" />
  <meta name='ocr-system' content='tesseract 3.04.00' />
  <meta name='ocr-capabilities' content='ocr_page ocr_carea ocr_par ocr_line ocrx_word'/>
</head>
<body>
  <div class='ocr_page' id='page_1' title='image "./ordinalesarvmsi00maydgoog/ordinalesarvmsi00maydgoog_0108.png"; bbox 0 0 3834 5734; ppageno 0'>
   <div class='ocr_carea' id='block_1_1' title="bbox 357 696 1251 748">
    <p class='ocr_par' dir='ltr' id='par_1_1' title="bbox 357 696 1251 748">
     <span class='ocr_line' id='line_1_1' title="bbox 357 696 1251 748; baseline -0.002 -1"><span class='ocrx_word' id='word_1_1' title='bbox 357 698 389 747; x_wconf 92' lang='lat'><strong>80</strong></span> <span class='ocrx_word' id='word_1_2' title='bbox 693 696 968 748; x_wconf 83' lang='lat' dir='ltr'><em>DIRECTORIUM</em></span> <span class='ocrx_word' id='word_1_3' title='bbox 984 697 1029 747; x_wconf 83' lang='lat' dir='ltr'><strong>SA</strong></span> <span class='ocrx_word' id='word_1_4' title='bbox 1034 696 1189 747; x_wconf 87' lang='lat' dir='ltr'><em>CERDOT</em></span> <span class='ocrx_word' id='word_1_5' title='bbox 1189 697 1251 748; x_wconf 71' lang='grc' dir='ltr'><strong>ΗΜ.</strong></span> 
     </span>
    </p>
   </div>
   <div class='ocr_carea' id='block_1_2' title="bbox 355 847 1546 1018">
    <p class='ocr_par' dir='ltr' id='par_1_2' title="bbox 355 847 1546 1018">
     <span class='ocr_line' id='line_1_2' title="bbox 355 847 1546 925; baseline -0.003 -11"><span class='ocrx_word' id='word_1_6' title='bbox 355 850 697 925; x_wconf 54' lang='lat' dir='ltr'><strong>commemorationem</strong></span> <span class='ocrx_word' id='word_1_7' title='bbox 727 850 760 913; x_wconf 92' lang='lat' dir='ltr'><strong>in</strong></span> <span class='ocrx_word' id='word_1_8' title='bbox 791 850 841 914; x_wconf 82' lang='lat' dir='ltr'><strong>‚iii</strong></span> <span class='ocrx_word' id='word_1_9' title='bbox 873 848 953 912; x_wconf 83' lang='lat' dir='ltr'><strong>seria</strong></span> <span class='ocrx_word' id='word_1_10' title='bbox 983 847 1042 912; x_wconf 89' lang='lat' dir='ltr'><strong>fiat</strong></span> <span class='ocrx_word' id='word_1_11' title='bbox 1064 869 1130 911; x_wconf 90' lang='lat' dir='ltr'><strong>vna</strong></span> <span class='ocrx_word' id='word_1_12' title='bbox 1153 847 1436 923; x_wconf 69' lang='lat' dir='ltr'><strong>commemoratio</strong></span> <span class='ocrx_word' id='word_1_13' title='bbox 1463 849 1546 913; x_wconf 88' lang='lat' dir='ltr'><strong>etin</strong></span> 
     </span>
     <span class='ocr_line' id='line_1_3' title="bbox 355 935 1315 1018; baseline -0.004 -16"><span class='ocrx_word' id='word_1_14' title='bbox 355 938 523 1002; x_wconf 92' lang='lat' dir='ltr'><strong>dominica</strong></span> <span class='ocrx_word' id='word_1_15' title='bbox 540 937 660 1000; x_wconf 89' lang='lat' dir='ltr'><strong>dicitur</strong></span> <span class='ocrx_word' id='word_1_16' title='bbox 675 937 775 1000; x_wconf 87' lang='lat' dir='ltr'><strong>missa</strong></span> <span class='ocrx_word' id='word_1_17' title='bbox 791 937 833 999; x_wconf 88' lang='lat' dir='ltr'><strong>de</strong></span> <span class='ocrx_word' id='word_1_18' title='bbox 850 937 912 1000; x_wconf 80' lang='lat' dir='ltr'><strong>,iiii</strong></span> <span class='ocrx_word' id='word_1_19' title='bbox 929 936 1095 999; x_wconf 89' lang='lat' dir='ltr'><strong>dominica</strong></span> <span class='ocrx_word' id='word_1_20' title='bbox 1110 937 1142 998; x_wconf 91' lang='lat' dir='ltr'><strong>in</strong></span> <span class='ocrx_word' id='word_1_21' title='bbox 1159 935 1315 1018; x_wconf 89' lang='lat' dir='ltr'><strong>capitulo.</strong></span> 
     </span>
    </p>
   </div>
   <div class='ocr_carea' id='block_1_3' title="bbox 358 1055 1297 1253">
    <p class='ocr_par' dir='ltr' id='par_1_3' title="bbox 358 1055 1297 1253">
     <span class='ocr_line' id='line_1_4' title="bbox 358 1055 1297 1133; baseline 0.003 -18"><span class='ocrx_word' id='word_1_22' title='bbox 358 1063 425 1116; x_wconf 84' lang='lat' dir='ltr'><strong>Feb.</strong></span> <span class='ocrx_word' id='word_1_23' title='bbox 442 1058 494 1130; x_wconf 71' lang='grc' dir='ltr'><strong>η]</strong></span> <span class='ocrx_word' id='word_1_24' title='bbox 530 1065 563 1133; x_wconf 87' lang='grc' dir='ltr'><strong>(Ι</strong></span> <span class='ocrx_word' id='word_1_25' title='bbox 587 1058 766 1120; x_wconf 91' lang='lat' dir='ltr'><strong>Dominica</strong></span> <span class='ocrx_word' id='word_1_26' title='bbox 781 1056 814 1119; x_wconf 91' lang='lat' dir='ltr'><strong>in</strong></span> <span class='ocrx_word' id='word_1_27' title='bbox 830 1057 912 1120; x_wconf 89' lang='lat' dir='ltr'>.lxx.</span> <span class='ocrx_word' id='word_1_28' title='bbox 929 1065 1002 1120; x_wconf 91' lang='lat' dir='ltr'><strong>tota</strong></span> <span class='ocrx_word' id='word_1_29' title='bbox 1017 1055 1137 1121; x_wconf 92' lang='lat' dir='ltr'><strong>dicitur</strong></span> <span class='ocrx_word' id='word_1_30' title='bbox 1152 1055 1297 1119; x_wconf 88' lang='lat' dir='ltr'><strong>historia.</strong></span> 
     </span>
     <span class='ocr_line' id='line_1_5' title="bbox 399 1175 853 1253; baseline 0 -14"><span class='ocrx_word' id='word_1_31' title='bbox 399 1183 433 1253; x_wconf 92' lang='grc' dir='ltr'><strong>(Ι</strong></span> <span class='ocrx_word' id='word_1_32' title='bbox 456 1178 606 1241; x_wconf 78' lang='lat' dir='ltr'><strong>Feriaii.</strong></span> <span class='ocrx_word' id='word_1_33' title='bbox 623 1178 665 1240; x_wconf 91' lang='lat' dir='ltr'><strong>de</strong></span> <span class='ocrx_word' id='word_1_34' title='bbox 682 1175 853 1241; x_wconf 89' lang='lat' dir='ltr'><strong>festoloci.</strong></span> 
     </span>
    </p>
   </div>
   <div class='ocr_carea' id='block_1_4' title="bbox 354 1293 1547 1467">
    <p class='ocr_par' dir='ltr' id='par_1_4' title="bbox 354 1293 1547 1467">
     <span class='ocr_line' id='line_1_6' title="bbox 398 1293 1547 1378; baseline -0.004 -17"><span class='ocrx_word' id='word_1_35' title='bbox 398 1305 431 1374; x_wconf 90' lang='grc' dir='ltr'><strong>(Ι</strong></span> <span class='ocrx_word' id='word_1_36' title='bbox 456 1299 552 1361; x_wconf 90' lang='lat' dir='ltr'><strong>Feria</strong></span> <span class='ocrx_word' id='word_1_37' title='bbox 567 1298 617 1360; x_wconf 84' lang='lat' dir='ltr'><strong>iii.</strong></span> <span class='ocrx_word' id='word_1_38' title='bbox 641 1298 684 1361; x_wconf 92' lang='lat' dir='ltr'><strong>de</strong></span> <span class='ocrx_word' id='word_1_39' title='bbox 711 1307 827 1361; x_wconf 92' lang='lat' dir='ltr'><strong>sancto</strong></span> <span class='ocrx_word' id='word_1_40' title='bbox 849 1296 1038 1360; x_wconf 85' lang='lat' dir='ltr'><strong>Valentino.</strong></span> <span class='ocrx_word' id='word_1_41' title='bbox 1086 1294 1318 1359; x_wconf 89' lang='lat' dir='ltr'><strong>Inuitatorium</strong></span> <span class='ocrx_word' id='word_1_42' title='bbox 1344 1293 1498 1378; x_wconf 85' lang='lat' dir='ltr'><strong>simplex,</strong></span> <span class='ocrx_word' id='word_1_43' title='bbox 1512 1295 1547 1357; x_wconf 89' lang='lat' dir='ltr'><strong>iii.</strong></span> 
     </span>
     <span class='ocr_line' id='line_1_7' title="bbox 354 1382 1267 1467; baseline -0.005 -19"><span class='ocrx_word' id='word_1_44' title='bbox 354 1386 512 1448; x_wconf 89' lang='lat' dir='ltr'><strong>lectiones</strong></span> <span class='ocrx_word' id='word_1_45' title='bbox 528 1405 604 1448; x_wconf 91' lang='lat' dir='ltr'><strong>cum</strong></span> <span class='ocrx_word' id='word_1_46' title='bbox 621 1394 793 1448; x_wconf 89' lang='lat' dir='ltr'><strong>nocturno.</strong></span> <span class='ocrx_word' id='word_1_47' title='bbox 839 1383 1032 1467; x_wconf 88' lang='lat' dir='ltr'>Capitulum</span> <span class='ocrx_word' id='word_1_48' title='bbox 1048 1382 1115 1445; x_wconf 82' lang='lat' dir='ltr'><strong>Iste</strong></span> <span class='ocrx_word' id='word_1_49' title='bbox 1128 1390 1267 1444; x_wconf 84' lang='lat' dir='ltr'><strong>sanctus.</strong></span> 
     </span>
    </p>
   </div>
   <div class='ocr_carea' id='block_1_5' title="bbox 355 1502 1551 1656">
    <p class='ocr_par' dir='ltr' id='par_1_5' title="bbox 355 1502 1551 1656">
     <span class='ocr_line' id='line_1_8' title="bbox 397 1502 1551 1587; baseline -0.004 -19"><span class='ocrx_word' id='word_1_50' title='bbox 397 1511 432 1580; x_wconf 86' lang='grc' dir='ltr'><strong>(Ι</strong></span> <span class='ocrx_word' id='word_1_51' title='bbox 455 1505 552 1568; x_wconf 88' lang='lat' dir='ltr'><strong>Feria</strong></span> <span class='ocrx_word' id='word_1_52' title='bbox 564 1506 625 1568; x_wconf 86' lang='lat' dir='ltr'><strong>iiii.</strong></span> <span class='ocrx_word' id='word_1_53' title='bbox 638 1507 680 1569; x_wconf 91' lang='lat' dir='ltr'><strong>de</strong></span> <span class='ocrx_word' id='word_1_54' title='bbox 696 1505 784 1568; x_wconf 85' lang='lat' dir='ltr'><strong>seria</strong></span> <span class='ocrx_word' id='word_1_55' title='bbox 824 1503 1047 1587; x_wconf 90' lang='lat' dir='ltr'><strong>Responsoria</strong></span> <span class='ocrx_word' id='word_1_56' title='bbox 1062 1502 1106 1565; x_wconf 92' lang='lat' dir='ltr'><strong>de</strong></span> <span class='ocrx_word' id='word_1_57' title='bbox 1121 1503 1227 1585; x_wconf 92' lang='lat' dir='ltr'><strong>primo</strong></span> <span class='ocrx_word' id='word_1_58' title='bbox 1244 1512 1408 1565; x_wconf 87' lang='lat' dir='ltr'><strong>nocturno</strong></span> <span class='ocrx_word' id='word_1_59' title='bbox 1423 1502 1551 1566; x_wconf 87' lang='lat' dir='ltr'><strong>historie</strong></span> 
     </span>
     <span class='ocr_line' id='line_1_9' title="bbox 355 1592 571 1656; baseline -0.009 0"><span class='ocrx_word' id='word_1_60' title='bbox 355 1592 571 1656; x_wconf 88' lang='lat' dir='ltr'><strong>dominicalis.</strong></span> 
     </span>
    </p>
   </div>
   <div class='ocr_carea' id='block_1_6' title="bbox 355 1707 1553 1862">
    <p class='ocr_par' dir='ltr' id='par_1_6' title="bbox 355 1707 1553 1862">
     <span class='ocr_line' id='line_1_10' title="bbox 396 1707 1553 1793; baseline -0.003 -19"><span class='ocrx_word' id='word_1_61' title='bbox 396 1717 430 1787; x_wconf 90' lang='grc' dir='ltr'><strong>(Ι</strong></span> <span class='ocrx_word' id='word_1_62' title='bbox 454 1712 550 1775; x_wconf 89' lang='lat' dir='ltr'><strong>Feria</strong></span> <span class='ocrx_word' id='word_1_63' title='bbox 572 1734 609 1774; x_wconf 89' lang='grc' dir='ltr'><strong>.ν.</strong></span> <span class='ocrx_word' id='word_1_64' title='bbox 631 1713 672 1775; x_wconf 89' lang='lat' dir='ltr'><strong>de</strong></span> <span class='ocrx_word' id='word_1_65' title='bbox 691 1721 808 1774; x_wconf 88' lang='lat' dir='ltr'><strong>sancta</strong></span> <span class='ocrx_word' id='word_1_66' title='bbox 837 1711 967 1774; x_wconf 88' lang='lat' dir='ltr'><strong>Iuliana</strong></span> <span class='ocrx_word' id='word_1_67' title='bbox 990 1708 1125 1793; x_wconf 86' lang='lat' dir='ltr'><strong>virgine,</strong></span> <span class='ocrx_word' id='word_1_68' title='bbox 1145 1709 1380 1772; x_wconf 89' lang='lat' dir='ltr'><strong>Inuitatorium</strong></span> <span class='ocrx_word' id='word_1_69' title='bbox 1405 1707 1553 1791; x_wconf 80' lang='lat' dir='ltr'><strong>simplex,</strong></span> 
     </span>
     <span class='ocr_line' id='line_1_11' title="bbox 355 1808 619 1862; baseline -0.004 0"><span class='ocrx_word' id='word_1_70' title='bbox 355 1819 431 1862; x_wconf 91' lang='lat' dir='ltr'><strong>curn</strong></span> <span class='ocrx_word' id='word_1_71' title='bbox 448 1808 619 1862; x_wconf 92' lang='lat' dir='ltr'><strong>nocturno.</strong></span> 
     </span>
    </p>
   </div>
   <div class='ocr_carea' id='block_1_7' title="bbox 354 1915 1555 2070">
    <p class='ocr_par' dir='ltr' id='par_1_7' title="bbox 354 1915 1555 2070">
     <span class='ocr_line' id='line_1_12' title="bbox 397 1915 1555 1999; baseline -0.003 -18"><span class='ocrx_word' id='word_1_72' title='bbox 397 1920 549 1995; x_wconf 72' lang='lat' dir='ltr'><strong>(IFeria</strong></span> <span class='ocrx_word' id='word_1_73' title='bbox 580 1921 628 1982; x_wconf 92' lang='lat' dir='ltr'><strong>.vi.</strong></span> <span class='ocrx_word' id='word_1_74' title='bbox 660 1920 702 1981; x_wconf 88' lang='lat' dir='ltr'><strong>de</strong></span> <span class='ocrx_word' id='word_1_75' title='bbox 733 1917 833 1995; x_wconf 84' lang='lat' dir='ltr'><strong>seria,¹</strong></span> <span class='ocrx_word' id='word_1_76' title='bbox 864 1926 898 1981; x_wconf 90' lang='lat' dir='ltr'><strong>et</strong></span> <span class='ocrx_word' id='word_1_77' title='bbox 928 1917 997 1981; x_wconf 89' lang='lat' dir='ltr'><strong>duo</strong></span> <span class='ocrx_word' id='word_1_78' title='bbox 1027 1915 1152 1980; x_wconf 81' lang='lat' dir='ltr'><strong>ferialia</strong></span> <span class='ocrx_word' id='word_1_79' title='bbox 1180 1915 1407 1999; x_wconf 86' lang='lat' dir='ltr'><strong>Responsoria</strong></span> <span class='ocrx_word' id='word_1_80' title='bbox 1439 1915 1555 1998; x_wconf 90' lang='lat' dir='ltr'><strong>pariter</strong></span> 
     </span>
     <span class='ocr_line' id='line_1_13' title="bbox 354 2012 1219 2070; baseline -0.009 0"><span class='ocrx_word' id='word_1_81' title='bbox 354 2015 539 2070; x_wconf 90' lang='lat' dir='ltr'><strong>cantentur.</strong></span> <span class='ocrx_word' id='word_1_82' title='bbox 1216 2012 1219 2019; x_wconf 87' lang='lat'>&#39;</span> 
     </span>
    </p>
   </div>
   <div class='ocr_carea' id='block_1_8' title="bbox 354 2122 1556 2288">
    <p class='ocr_par' dir='ltr' id='par_1_8' title="bbox 354 2122 1556 2288">
     <span class='ocr_line' id='line_1_14' title="bbox 397 2122 1556 2202; baseline -0.003 -12"><span class='ocrx_word' id='word_1_83' title='bbox 397 2125 613 2202; x_wconf 72' lang='lat' dir='ltr'><strong>(ISabbatO,</strong></span> <span class='ocrx_word' id='word_1_84' title='bbox 643 2126 685 2188; x_wconf 90' lang='lat' dir='ltr'><strong>de</strong></span> <span class='ocrx_word' id='word_1_85' title='bbox 716 2134 832 2188; x_wconf 90' lang='lat' dir='ltr'><strong>sancta</strong></span> <span class='ocrx_word' id='word_1_86' title='bbox 871 2125 1011 2187; x_wconf 69' lang='lat' dir='ltr'><strong>Maria*</strong></span> <span class='ocrx_word' id='word_1_87' title='bbox 1047 2123 1114 2187; x_wconf 91' lang='lat' dir='ltr'><strong>Vbi</strong></span> <span class='ocrx_word' id='word_1_88' title='bbox 1146 2122 1230 2187; x_wconf 90' lang='lat' dir='ltr'><strong>fiunt</strong></span> <span class='ocrx_word' id='word_1_89' title='bbox 1260 2133 1328 2187; x_wconf 89' lang='lat' dir='ltr'><strong>tres</strong></span> <span class='ocrx_word' id='word_1_90' title='bbox 1358 2143 1556 2188; x_wconf 84' lang='lat' dir='ltr'><strong>commemo</strong></span> 
     </span>
     <span class='ocr_line' id='line_1_15' title="bbox 354 2210 1201 2288; baseline -0.004 -12"><span class='ocrx_word' id='word_1_91' title='bbox 354 2215 508 2288; x_wconf 86' lang='lat' dir='ltr'><strong>rationes,</strong></span> <span class='ocrx_word' id='word_1_92' title='bbox 525 2214 558 2275; x_wconf 92' lang='lat' dir='ltr'><strong>in</strong></span> <span class='ocrx_word' id='word_1_93' title='bbox 575 2212 638 2276; x_wconf 83' lang='lat' dir='ltr'><strong>,iiii</strong></span> <span class='ocrx_word' id='word_1_94' title='bbox 655 2211 735 2275; x_wconf 84' lang='lat' dir='ltr'><strong>seria</strong></span> <span class='ocrx_word' id='word_1_95' title='bbox 752 2210 821 2276; x_wconf 78' lang='lat' dir='ltr'><strong>fiet²</strong></span> <span class='ocrx_word' id='word_1_96' title='bbox 836 2233 903 2275; x_wconf 92' lang='lat' dir='ltr'><strong>vna</strong></span> <span class='ocrx_word' id='word_1_97' title='bbox 918 2211 1201 2274; x_wconf 86' lang='lat' dir='ltr'><strong>commemoratio.</strong></span> 
     </span>
    </p>
   </div>
   <div class='ocr_carea' id='block_1_9' title="bbox 354 2330 1309 2653">
    <p class='ocr_par' dir='ltr' id='par_1_9' title="bbox 354 2330 1309 2653">
     <span class='ocr_line' id='line_1_16' title="bbox 354 2330 1309 2410; baseline -0.002 -15"><span class='ocrx_word' id='word_1_98' title='bbox 354 2342 422 2396; x_wconf 86' lang='lat' dir='ltr'>Feb.</span> <span class='ocrx_word' id='word_1_99' title='bbox 440 2337 493 2408; x_wconf 84' lang='lat'>¹9·]</span> <span class='ocrx_word' id='word_1_100' title='bbox 529 2341 562 2410; x_wconf 94' lang='grc' dir='ltr'><strong>(Ι</strong></span> <span class='ocrx_word' id='word_1_101' title='bbox 586 2333 764 2395; x_wconf 90' lang='lat' dir='ltr'><strong>Dominica</strong></span> <span class='ocrx_word' id='word_1_102' title='bbox 779 2333 811 2394; x_wconf 90' lang='lat' dir='ltr'><strong>in</strong></span> <span class='ocrx_word' id='word_1_103' title='bbox 828 2331 892 2407; x_wconf 88' lang='lat' dir='ltr'><strong>.lx.‚</strong></span> <span class='ocrx_word' id='word_1_104' title='bbox 907 2340 982 2394; x_wconf 89' lang='lat' dir='ltr'><strong>tota</strong></span> <span class='ocrx_word' id='word_1_105' title='bbox 997 2340 1150 2394; x_wconf 89' lang='lat' dir='ltr'><strong>cantetur</strong></span> <span class='ocrx_word' id='word_1_106' title='bbox 1163 2330 1309 2393; x_wconf 84' lang='lat' dir='ltr'><strong>historia</strong></span> 
     </span>
     <span class='ocr_line' id='line_1_17' title="bbox 396 2449 1177 2533; baseline -0.006 -15"><span class='ocrx_word' id='word_1_107' title='bbox 396 2464 431 2533; x_wconf 91' lang='grc' dir='ltr'><strong>(Ι</strong></span> <span class='ocrx_word' id='word_1_108' title='bbox 454 2456 551 2517; x_wconf 87' lang='lat' dir='ltr'><strong>Feria</strong></span> <span class='ocrx_word' id='word_1_109' title='bbox 567 2453 605 2516; x_wconf 83' lang='lat' dir='ltr'><strong>ii.</strong></span> <span class='ocrx_word' id='word_1_110' title='bbox 622 2454 664 2515; x_wconf 90' lang='lat' dir='ltr'><strong>de</strong></span> <span class='ocrx_word' id='word_1_111' title='bbox 680 2451 777 2514; x_wconf 88' lang='lat' dir='ltr'><strong>seriis.</strong></span> <span class='ocrx_word' id='word_1_112' title='bbox 823 2451 928 2513; x_wconf 90' lang='lat' dir='ltr'><strong>Missa</strong></span> <span class='ocrx_word' id='word_1_113' title='bbox 946 2449 1049 2514; x_wconf 85' lang='lat' dir='ltr'><strong>Salus</strong></span> <span class='ocrx_word' id='word_1_114' title='bbox 1056 2451 1177 2532; x_wconf 78' lang='lat' dir='ltr'><strong>populi.</strong></span> 
     </span>
     <span class='ocr_line' id='line_1_18' title="bbox 396 2569 863 2653; baseline -0.011 -15"><span class='ocrx_word' id='word_1_115' title='bbox 396 2584 431 2653; x_wconf 94' lang='grc' dir='ltr'><strong>(Ι</strong></span> <span class='ocrx_word' id='word_1_116' title='bbox 455 2575 551 2637; x_wconf 92' lang='lat' dir='ltr'><strong>Feria</strong></span> <span class='ocrx_word' id='word_1_117' title='bbox 566 2574 615 2636; x_wconf 86' lang='lat' dir='ltr'><strong>iii.</strong></span> <span class='ocrx_word' id='word_1_118' title='bbox 632 2572 674 2634; x_wconf 89' lang='lat' dir='ltr'><strong>de</strong></span> <span class='ocrx_word' id='word_1_119' title='bbox 690 2571 774 2635; x_wconf 86' lang='lat' dir='ltr'><strong>sesto</strong></span> <span class='ocrx_word' id='word_1_120' title='bbox 789 2569 863 2634; x_wconf 88' lang='lat' dir='ltr'><strong>loci.</strong></span> 
     </span>
    </p>
   </div>
   <div class='ocr_carea' id='block_1_10' title="bbox 351 2809 1562 3178">
    <p class='ocr_par' dir='ltr' id='par_1_10' title="bbox 351 2809 1562 2985">
     <span class='ocr_line' id='line_1_19' title="bbox 395 2809 1562 2892; baseline -0.003 -16"><span class='ocrx_word' id='word_1_121' title='bbox 395 2821 429 2891; x_wconf 96' lang='grc' dir='ltr'><strong>(Ι</strong></span> <span class='ocrx_word' id='word_1_122' title='bbox 453 2814 549 2877; x_wconf 91' lang='lat' dir='ltr'><strong>Feria</strong></span> <span class='ocrx_word' id='word_1_123' title='bbox 565 2834 601 2875; x_wconf 90' lang='lat' dir='ltr'><strong>.v.</strong></span> <span class='ocrx_word' id='word_1_124' title='bbox 618 2812 660 2873; x_wconf 88' lang='lat' dir='ltr'><strong>de</strong></span> <span class='ocrx_word' id='word_1_125' title='bbox 683 2811 779 2888; x_wconf 77' lang='lat' dir='ltr'><strong>seriiS,</strong></span> <span class='ocrx_word' id='word_1_126' title='bbox 804 2813 903 2875; x_wconf 88' lang='lat' dir='ltr'><strong>missa</strong></span> <span class='ocrx_word' id='word_1_127' title='bbox 926 2812 982 2875; x_wconf 75' lang='lat' dir='ltr'><strong>³de</strong></span> <span class='ocrx_word' id='word_1_128' title='bbox 1006 2811 1180 2875; x_wconf 83' lang='lat' dir='ltr'><strong>dominica.</strong></span> <span class='ocrx_word' id='word_1_129' title='bbox 1228 2809 1384 2892; x_wconf 86' lang='lat' dir='ltr'><strong>Epistola</strong></span> <span class='ocrx_word' id='word_1_130' title='bbox 1403 2819 1439 2874; x_wconf 91' lang='lat' dir='ltr'><strong>et</strong></span> <span class='ocrx_word' id='word_1_131' title='bbox 1462 2831 1562 2874; x_wconf 89' lang='lat' dir='ltr'><strong>euan-</strong></span> 
     </span>
     <span class='ocr_line' id='line_1_20' title="bbox 351 2899 669 2985; baseline -0.016 -20"><span class='ocrx_word' id='word_1_132' title='bbox 351 2901 489 2985; x_wconf 75' lang='lat' dir='ltr'><strong>gelium*</strong></span> <span class='ocrx_word' id='word_1_133' title='bbox 505 2900 567 2962; x_wconf 84' lang='lat' dir='ltr'><strong>iiii.</strong></span> <span class='ocrx_word' id='word_1_134' title='bbox 583 2899 669 2961; x_wconf 82' lang='lat' dir='ltr'><strong>serie.</strong></span> 
     </span>
    </p>

    <p class='ocr_par' dir='ltr' id='par_1_11' title="bbox 352 3015 1560 3178">
     <span class='ocr_line' id='line_1_21' title="bbox 395 3015 1560 3099; baseline -0.003 -17"><span class='ocrx_word' id='word_1_135' title='bbox 395 3027 429 3097; x_wconf 96' lang='grc' dir='ltr'><strong>(Ι</strong></span> <span class='ocrx_word' id='word_1_136' title='bbox 452 3019 596 3084; x_wconf 87' lang='lat' dir='ltr'><strong>Sanctus</strong></span> <span class='ocrx_word' id='word_1_137' title='bbox 614 3018 758 3081; x_wconf 88' lang='lat' dir='ltr'><strong>Mathias</strong></span> <span class='ocrx_word' id='word_1_138' title='bbox 774 3017 945 3099; x_wconf 91' lang='lat' dir='ltr'><strong>apostolus</strong></span> <span class='ocrx_word' id='word_1_139' title='bbox 962 3038 1028 3080; x_wconf 91' lang='lat' dir='ltr'><strong>non</strong></span> <span class='ocrx_word' id='word_1_140' title='bbox 1045 3017 1147 3080; x_wconf 89' lang='lat' dir='ltr'><strong>habet</strong></span> <span class='ocrx_word' id='word_1_141' title='bbox 1158 3015 1316 3098; x_wconf 87' lang='lat' dir='ltr'><strong>vigiliam,</strong></span> <span class='ocrx_word' id='word_1_142' title='bbox 1329 3016 1392 3080; x_wconf 89' lang='lat' dir='ltr'><strong>nisi</strong></span> <span class='ocrx_word' id='word_1_143' title='bbox 1402 3016 1560 3080; x_wconf 88' lang='lat' dir='ltr'><strong>ieiunium</strong></span> 
     </span>
     <span class='ocr_line' id='line_1_22' title="bbox 352 3104 840 3178; baseline -0.01 -7"><span class='ocrx_word' id='word_1_144' title='bbox 352 3117 493 3178; x_wconf 89' lang='lat' dir='ltr'><strong>tantum,</strong></span> <span class='ocrx_word' id='word_1_145' title='bbox 510 3107 542 3167; x_wconf 93' lang='lat' dir='ltr'><strong>in</strong></span> <span class='ocrx_word' id='word_1_146' title='bbox 558 3104 696 3167; x_wconf 89' lang='lat' dir='ltr'><strong>ecclesia</strong></span> <span class='ocrx_word' id='word_1_147' title='bbox 712 3104 840 3169; x_wconf 87' lang='lat' dir='ltr'><strong>Sarum.</strong></span> 
     </span>
    </p>
   </div>
   <div class='ocr_carea' id='block_1_11' title="bbox 352 3223 1562 3394">
    <p class='ocr_par' dir='ltr' id='par_1_12' title="bbox 352 3223 1562 3394">
     <span class='ocr_line' id='line_1_23' title="bbox 395 3223 1562 3307; baseline 0.003 -22"><span class='ocrx_word' id='word_1_148' title='bbox 395 3233 428 3302; x_wconf 87' lang='grc' dir='ltr'><strong>(Ι</strong></span> <span class='ocrx_word' id='word_1_149' title='bbox 451 3225 546 3286; x_wconf 90' lang='lat' dir='ltr'><strong>Feria</strong></span> <span class='ocrx_word' id='word_1_150' title='bbox 562 3225 610 3285; x_wconf 88' lang='lat' dir='ltr'><strong>.vi.</strong></span> <span class='ocrx_word' id='word_1_151' title='bbox 627 3224 668 3285; x_wconf 89' lang='lat' dir='ltr'><strong>de</strong></span> <span class='ocrx_word' id='word_1_152' title='bbox 685 3234 801 3286; x_wconf 90' lang='lat' dir='ltr'><strong>sancto</strong></span> <span class='ocrx_word' id='word_1_153' title='bbox 818 3223 955 3296; x_wconf 88' lang='lat' dir='ltr'>Mathia,</span> <span class='ocrx_word' id='word_1_154' title='bbox 973 3223 1107 3286; x_wconf 81' lang='lat' dir='ltr'><strong>inferius</strong></span> <span class='ocrx_word' id='word_1_155' title='bbox 1131 3223 1267 3307; x_wconf 89' lang='lat' dir='ltr'>duplex.</span> <span class='ocrx_word' id='word_1_156' title='bbox 1314 3223 1374 3287; x_wconf 82' lang='lat' dir='ltr'><strong>Ad</strong></span> <span class='ocrx_word' id='word_1_157' title='bbox 1397 3224 1562 3288; x_wconf 88' lang='lat' dir='ltr'><strong>secundas</strong></span> 
     </span>
     <span class='ocr_line' id='line_1_24' title="bbox 352 3310 1123 3394; baseline -0.003 -19"><span class='ocrx_word' id='word_1_158' title='bbox 352 3330 514 3394; x_wconf 58' lang='lat' dir='ltr'><strong>vesperae</strong></span> <span class='ocrx_word' id='word_1_159' title='bbox 531 3310 716 3392; x_wconf 87' lang='lat' dir='ltr'><strong>antiphona</strong></span> <span class='ocrx_word' id='word_1_160' title='bbox 733 3310 803 3372; x_wconf 85' lang='lat' dir='ltr'><strong>Sub</strong></span> <span class='ocrx_word' id='word_1_161' title='bbox 819 3319 917 3385; x_wconf 80' lang='lat' dir='ltr'><strong>tuam,</strong></span> <span class='ocrx_word' id='word_1_162' title='bbox 934 3310 1123 3373; x_wconf 77' lang='lat' dir='ltr'><strong>solenniter,</strong></span> 
     </span>
    </p>
   </div>
   <div class='ocr_carea' id='block_1_12' title="bbox 351 3429 1564 3592">
    <p class='ocr_par' dir='ltr' id='par_1_13' title="bbox 351 3429 1564 3592">
     <span class='ocr_line' id='line_1_25' title="bbox 395 3429 1564 3506; baseline 0.002 -13"><span class='ocrx_word' id='word_1_163' title='bbox 395 3437 428 3506; x_wconf 90' lang='grc' dir='ltr'><strong>(Ι</strong></span> <span class='ocrx_word' id='word_1_164' title='bbox 453 3429 611 3503; x_wconf 84' lang='lat' dir='ltr'><strong>Sabbato,</strong></span> <span class='ocrx_word' id='word_1_165' title='bbox 642 3430 684 3491; x_wconf 90' lang='lat' dir='ltr'><strong>de</strong></span> <span class='ocrx_word' id='word_1_166' title='bbox 714 3440 830 3493; x_wconf 89' lang='lat' dir='ltr'><strong>sancta</strong></span> <span class='ocrx_word' id='word_1_167' title='bbox 862 3430 977 3492; x_wconf 89' lang='lat' dir='ltr'><strong>Maria.</strong></span> <span class='ocrx_word' id='word_1_168' title='bbox 1037 3431 1104 3493; x_wconf 94' lang='lat' dir='ltr'><strong>Vbi</strong></span> <span class='ocrx_word' id='word_1_169' title='bbox 1135 3429 1221 3493; x_wconf 86' lang='lat' dir='ltr'><strong>fiunt</strong></span> <span class='ocrx_word' id='word_1_170' title='bbox 1250 3440 1319 3494; x_wconf 89' lang='lat' dir='ltr'><strong>tres</strong></span> <span class='ocrx_word' id='word_1_171' title='bbox 1357 3452 1564 3495; x_wconf 89' lang='lat' dir='ltr'><strong>commemo·</strong></span> 
     </span>
     <span class='ocr_line' id='line_1_26' title="bbox 351 3513 1167 3592; baseline -0.001 -12"><span class='ocrx_word' id='word_1_172' title='bbox 351 3519 503 3592; x_wconf 81' lang='lat' dir='ltr'><strong>rationes,</strong></span> <span class='ocrx_word' id='word_1_173' title='bbox 520 3518 552 3576; x_wconf 93' lang='lat' dir='ltr'><strong>in</strong></span> <span class='ocrx_word' id='word_1_174' title='bbox 569 3517 607 3578; x_wconf 77' lang='lat' dir='ltr'><strong>ii.</strong></span> <span class='ocrx_word' id='word_1_175' title='bbox 624 3514 702 3577; x_wconf 85' lang='lat' dir='ltr'><strong>feria</strong></span> <span class='ocrx_word' id='word_1_176' title='bbox 719 3513 788 3578; x_wconf 78' lang='lat' dir='ltr'><strong>fiet²</strong></span> <span class='ocrx_word' id='word_1_177' title='bbox 803 3535 868 3578; x_wconf 92' lang='lat' dir='ltr'><strong>vna</strong></span> <span class='ocrx_word' id='word_1_178' title='bbox 883 3518 1167 3580; x_wconf 88' lang='lat' dir='ltr'><strong>commemoratio.</strong></span> 
     </span>
    </p>
   </div>
   <div class='ocr_carea' id='block_1_13' title="bbox 349 3635 1565 4060">
    <p class='ocr_par' dir='ltr' id='par_1_14' title="bbox 349 3635 1565 4060">
     <span class='ocr_line' id='line_1_27' title="bbox 395 3635 1565 3711; baseline 0.004 -14"><span class='ocrx_word' id='word_1_179' title='bbox 395 3642 428 3711; x_wconf 91' lang='grc' dir='ltr'><strong>(Ι</strong></span> <span class='ocrx_word' id='word_1_180' title='bbox 453 3635 492 3697; x_wconf 93' lang='lat' dir='ltr'><strong>In</strong></span> <span class='ocrx_word' id='word_1_181' title='bbox 523 3655 612 3697; x_wconf 92' lang='lat' dir='ltr'><strong>anno</strong></span> <span class='ocrx_word' id='word_1_182' title='bbox 642 3635 796 3709; x_wconf 79' lang='lat' dir='ltr'><strong>bisextili</strong></span> <span class='ocrx_word' id='word_1_183' title='bbox 830 3635 869 3697; x_wconf 92' lang='lat' dir='ltr'><strong>In</strong></span> <span class='ocrx_word' id='word_1_184' title='bbox 900 3636 1042 3699; x_wconf 87' lang='lat' dir='ltr'><strong>sabbato</strong></span> <span class='ocrx_word' id='word_1_185' title='bbox 1072 3637 1134 3699; x_wconf 91' lang='lat' dir='ltr'><strong>erit</strong></span> <span class='ocrx_word' id='word_1_186' title='bbox 1165 3636 1343 3700; x_wconf 89' lang='lat' dir='ltr'><strong>seruicium</strong></span> <span class='ocrx_word' id='word_1_187' title='bbox 1374 3637 1418 3701; x_wconf 93' lang='lat' dir='ltr'><strong>de</strong></span> <span class='ocrx_word' id='word_1_188' title='bbox 1446 3648 1565 3703; x_wconf 88' lang='lat' dir='ltr'><strong>sancto</strong></span> 
     </span>
     <span class='ocr_line' id='line_1_28' title="bbox 353 3720 1565 3795; baseline 0.004 -11"><span class='ocrx_word' id='word_1_189' title='bbox 353 3723 489 3795; x_wconf 84' lang='lat' dir='ltr'><strong>Mathia,</strong></span> <span class='ocrx_word' id='word_1_190' title='bbox 508 3723 553 3784; x_wconf 91' lang='lat' dir='ltr'><strong>Et</strong></span> <span class='ocrx_word' id='word_1_191' title='bbox 569 3722 601 3782; x_wconf 92' lang='lat' dir='ltr'><strong>in</strong></span> <span class='ocrx_word' id='word_1_192' title='bbox 612 3720 659 3782; x_wconf 90' lang='lat' dir='ltr'><strong>.vi.</strong></span> <span class='ocrx_word' id='word_1_193' title='bbox 673 3720 752 3783; x_wconf 81' lang='lat' dir='ltr'><strong>scria</strong></span> <span class='ocrx_word' id='word_1_194' title='bbox 768 3722 809 3782; x_wconf 91' lang='lat' dir='ltr'><strong>de</strong></span> <span class='ocrx_word' id='word_1_195' title='bbox 825 3733 940 3784; x_wconf 91' lang='lat' dir='ltr'><strong>sancta</strong></span> <span class='ocrx_word' id='word_1_196' title='bbox 958 3722 1074 3785; x_wconf 90' lang='lat' dir='ltr'><strong>Maria.</strong></span> <span class='ocrx_word' id='word_1_197' title='bbox 1122 3722 1167 3785; x_wconf 90' lang='lat' dir='ltr'><strong>Et</strong></span> <span class='ocrx_word' id='word_1_198' title='bbox 1184 3733 1263 3786; x_wconf 89' lang='lat' dir='ltr'><strong>tunc</strong></span> <span class='ocrx_word' id='word_1_199' title='bbox 1279 3725 1324 3787; x_wconf 89' lang='lat' dir='ltr'><strong>ab</strong></span> <span class='ocrx_word' id='word_1_200' title='bbox 1339 3724 1405 3787; x_wconf 91' lang='lat' dir='ltr'><strong>hoc</strong></span> <span class='ocrx_word' id='word_1_201' title='bbox 1420 3726 1565 3789; x_wconf 91' lang='lat' dir='ltr'><strong>sabbato</strong></span> 
     </span>
     <span class='ocr_line' id='line_1_29' title="bbox 349 3807 1564 3894; baseline 0.006 -25"><span class='ocrx_word' id='word_1_202' title='bbox 349 3828 453 3888; x_wconf 88' lang='lat' dir='ltr'><strong>vsque</strong></span> <span class='ocrx_word' id='word_1_203' title='bbox 469 3809 511 3871; x_wconf 94' lang='lat' dir='ltr'><strong>ad</strong></span> <span class='ocrx_word' id='word_1_204' title='bbox 529 3807 772 3869; x_wconf 89' lang='lat' dir='ltr'><strong>inchoationem</strong></span> <span class='ocrx_word' id='word_1_205' title='bbox 797 3807 932 3870; x_wconf 91' lang='lat' dir='ltr'><strong>historie</strong></span> <span class='ocrx_word' id='word_1_206' title='bbox 976 3807 1018 3870; x_wconf 87' lang='lat' dir='ltr'><strong>In</strong></span> <span class='ocrx_word' id='word_1_207' title='bbox 1027 3810 1189 3890; x_wconf 82' lang='lat' dir='ltr'><strong>principio</strong></span> <span class='ocrx_word' id='word_1_208' title='bbox 1205 3811 1389 3893; x_wconf 89' lang='lat' dir='ltr'><strong>accipiatur</strong></span> <span class='ocrx_word' id='word_1_209' title='bbox 1404 3822 1564 3894; x_wconf 85' lang='lat' dir='ltr'><strong>quartum</strong></span> 
     </span>
     <span class='ocr_line' id='line_1_30' title="bbox 355 3892 1565 3991; baseline 0.007 -36"><span class='ocrx_word' id='word_1_210' title='bbox 355 3892 385 3955; x_wconf 89' lang='lat' dir='ltr'><em>G</em></span> <span class='ocrx_word' id='word_1_211' title='bbox 401 3914 460 3991; x_wconf 84' lang='lat' dir='ltr'><strong>pro</strong></span> <span class='ocrx_word' id='word_1_212' title='bbox 477 3893 585 3957; x_wconf 90' lang='lat' dir='ltr'><strong>littera</strong></span> <span class='ocrx_word' id='word_1_213' title='bbox 601 3893 799 3968; x_wconf 86' lang='lat' dir='ltr'><strong>dominicali,</strong></span> <span class='ocrx_word' id='word_1_214' title='bbox 815 3903 848 3955; x_wconf 91' lang='lat' dir='ltr'><strong>et</strong></span> <span class='ocrx_word' id='word_1_215' title='bbox 865 3893 1037 3957; x_wconf 89' lang='lat' dir='ltr'><strong>inchoetur</strong></span> <span class='ocrx_word' id='word_1_216' title='bbox 1053 3897 1095 3959; x_wconf 92' lang='lat' dir='ltr'><strong>ad</strong></span> <span class='ocrx_word' id='word_1_217' title='bbox 1113 3896 1317 3960; x_wconf 89' lang='lat' dir='ltr'><strong>dominicam</strong></span> <span class='ocrx_word' id='word_1_218' title='bbox 1334 3899 1368 3961; x_wconf 93' lang='lat' dir='ltr'><strong>in</strong></span> <span class='ocrx_word' id='word_1_219' title='bbox 1389 3898 1565 3982; x_wconf 84' lang='lat' dir='ltr'><strong>Quinqua-</strong></span> 
     </span>
     <span class='ocr_line' id='line_1_31' title="bbox 351 3999 486 4060; baseline 0.022 -22"><span class='ocrx_word' id='word_1_220' title='bbox 351 3999 486 4060; x_wconf 67' lang='lat' dir='ltr'><strong>gemma.</strong></span> 
     </span>
    </p>
   </div>
   <div class='ocr_carea' id='block_1_14' title="bbox 351 4097 1279 4407">
    <p class='ocr_par' dir='ltr' id='par_1_15' title="bbox 351 4097 1279 4407">
     <span class='ocr_line' id='line_1_32' title="bbox 351 4097 1279 4173; baseline 0.013 -18"><span class='ocrx_word' id='word_1_221' title='bbox 351 4102 418 4155; x_wconf 86' lang='lat' dir='ltr'><strong>Feb.</strong></span> <span class='ocrx_word' id='word_1_222' title='bbox 433 4099 487 4171; x_wconf 72' lang='lat' dir='ltr'><strong>zo]</strong></span> <span class='ocrx_word' id='word_1_223' title='bbox 523 4104 556 4173; x_wconf 92' lang='grc' dir='ltr'><strong>(Ι</strong></span> <span class='ocrx_word' id='word_1_224' title='bbox 580 4097 757 4160; x_wconf 90' lang='lat' dir='ltr'><strong>Dominica</strong></span> <span class='ocrx_word' id='word_1_225' title='bbox 774 4098 806 4158; x_wconf 93' lang='lat' dir='ltr'><strong>in</strong></span> <span class='ocrx_word' id='word_1_226' title='bbox 822 4097 860 4173; x_wconf 84' lang='lat' dir='ltr'>.l.,</span> <span class='ocrx_word' id='word_1_227' title='bbox 875 4107 948 4162; x_wconf 90' lang='lat' dir='ltr'><strong>tota</strong></span> <span class='ocrx_word' id='word_1_228' title='bbox 963 4109 1117 4164; x_wconf 88' lang='lat' dir='ltr'><strong>cantetur</strong></span> <span class='ocrx_word' id='word_1_229' title='bbox 1132 4102 1279 4167; x_wconf 87' lang='lat' dir='ltr'><strong>historia.</strong></span> 
     </span>
     <span class='ocr_line' id='line_1_33' title="bbox 393 4216 845 4290; baseline -0.002 -11"><span class='ocrx_word' id='word_1_230' title='bbox 393 4221 426 4290; x_wconf 79' lang='grc' dir='ltr'><strong>(Ι</strong></span> <span class='ocrx_word' id='word_1_231' title='bbox 451 4218 545 4279; x_wconf 89' lang='lat' dir='ltr'><strong>Feria</strong></span> <span class='ocrx_word' id='word_1_232' title='bbox 561 4218 599 4278; x_wconf 83' lang='lat' dir='ltr'><strong>ii.</strong></span> <span class='ocrx_word' id='word_1_233' title='bbox 616 4217 657 4278; x_wconf 88' lang='lat' dir='ltr'><strong>de</strong></span> <span class='ocrx_word' id='word_1_234' title='bbox 674 4216 758 4278; x_wconf 87' lang='lat' dir='ltr'><strong>sesto</strong></span> <span class='ocrx_word' id='word_1_235' title='bbox 773 4216 845 4279; x_wconf 87' lang='lat' dir='ltr'><strong>loci.</strong></span> 
     </span>
     <span class='ocr_line' id='line_1_34' title="bbox 394 4334 932 4407; baseline 0.006 -12"><span class='ocrx_word' id='word_1_236' title='bbox 394 4339 427 4407; x_wconf 85' lang='grc' dir='ltr'><strong>(Ι</strong></span> <span class='ocrx_word' id='word_1_237' title='bbox 451 4335 546 4397; x_wconf 87' lang='lat' dir='ltr'><strong>Feria</strong></span> <span class='ocrx_word' id='word_1_238' title='bbox 561 4335 610 4395; x_wconf 89' lang='lat' dir='ltr'><strong>.iii.</strong></span> <span class='ocrx_word' id='word_1_239' title='bbox 627 4334 669 4396; x_wconf 92' lang='lat' dir='ltr'><strong>de</strong></span> <span class='ocrx_word' id='word_1_240' title='bbox 686 4344 800 4397; x_wconf 88' lang='lat' dir='ltr'><strong>sancta</strong></span> <span class='ocrx_word' id='word_1_241' title='bbox 818 4336 932 4398; x_wconf 90' lang='lat' dir='ltr'><strong>Maria.</strong></span> 
     </span>
    </p>
   </div>
   <div class='ocr_carea' id='block_1_15' title="bbox 384 4684 1430 4771">
    <p class='ocr_par' dir='ltr' id='par_1_16' title="bbox 384 4684 1430 4771">
     <span class='ocr_line' id='line_1_35' title="bbox 384 4684 1430 4771; baseline 0.027 -38"><span class='ocrx_word' id='word_1_242' title='bbox 384 4684 391 4712; x_wconf 91' lang='lat'>¹</span> <span class='ocrx_word' id='word_1_243' title='bbox 410 4686 491 4736; x_wconf 81' lang='lat' dir='ltr'><strong>seriis:</strong></span> <span class='ocrx_word' id='word_1_244' title='bbox 510 4702 550 4749; x_wconf 89' lang='lat'><strong>97,</strong></span> <span class='ocrx_word' id='word_1_245' title='bbox 563 4703 603 4737; x_wconf 92' lang='lat'><strong>01.</strong></span> <span class='ocrx_word' id='word_1_246' title='bbox 773 4691 784 4720; x_wconf 76' lang='lat'><strong>²¹</strong></span> <span class='ocrx_word' id='word_1_247' title='bbox 801 4693 860 4742; x_wconf 83' lang='lat' dir='ltr'><strong>fiat:</strong></span> <span class='ocrx_word' id='word_1_248' title='bbox 879 4694 919 4755; x_wconf 84' lang='lat'><strong>87,</strong></span> <span class='ocrx_word' id='word_1_249' title='bbox 934 4696 973 4746; x_wconf 85' lang='lat'><strong>88.</strong></span> <span class='ocrx_word' id='word_1_250' title='bbox 1173 4703 1227 4742; x_wconf 82' lang='lat'><strong>³-⁴</strong></span> <span class='ocrx_word' id='word_1_251' title='bbox 1243 4723 1292 4758; x_wconf 87' lang='lat' dir='ltr'><strong>om.</strong></span> <span class='ocrx_word' id='word_1_252' title='bbox 1306 4726 1312 4756; x_wconf 76' lang='grc' dir='ltr'><strong>ε</strong></span> <span class='ocrx_word' id='word_1_253' title='bbox 1332 4709 1374 4771; x_wconf 89' lang='lat'><strong>87,</strong></span> <span class='ocrx_word' id='word_1_254' title='bbox 1389 4710 1430 4761; x_wconf 84' lang='grc'><strong>88.</strong></span> 
     </span>
    </p>
   </div>
   <div class='ocr_carea' id='block_1_16' title="bbox 0 0 1923 5734">
    <p class='ocr_par' dir='ltr' id='par_1_17' title="bbox 0 0 1923 5734">
     <span class='ocr_line' id='line_1_36' title="bbox 0 0 1923 5734; baseline 0 0"><span class='ocrx_word' id='word_1_255' title='bbox 0 0 1923 5734; x_wconf 95' lang='lat' dir='ltr'><strong> </strong></span> 
     </span>
    </p>
   </div>
  </div>
 </body>
</html>
