<?xml version="1.0" encoding="UTF-8"?>
<!DOCTYPE html PUBLIC "-//W3C//DTD XHTML 1.0 Transitional//EN"
    "http://www.w3.org/TR/xhtml1/DTD/xhtml1-transitional.dtd">
<html xmlns="http://www.w3.org/1999/xhtml" xml:lang="en" lang="en">
 <head>
  <title>
</title>
<meta http-equiv="Content-Type" content="text/html;charset=utf-8" />
  <meta name='ocr-system' content='tesseract 3.04.00' />
  <meta name='ocr-capabilities' content='ocr_page ocr_carea ocr_par ocr_line ocrx_word'/>
</head>
<body>
  <div class='ocr_page' id='page_1' title='image "./ordinalesarvmsi00maydgoog_0078.png"; bbox 0 0 3834 5734; ppageno 0'>
   <div class='ocr_carea' id='block_1_1' title="bbox 421 714 1308 778">
    <p class='ocr_par' dir='ltr' id='par_1_1' title="bbox 421 714 1308 778">
     <span class='ocr_line' id='line_1_1' title="bbox 421 714 1308 778; baseline -0.001 -11"><span class='ocrx_word' id='word_1_1' title='bbox 421 717 455 778; x_wconf 71' lang='lat'>46</span> <span class='ocrx_word' id='word_1_2' title='bbox 747 714 1023 766; x_wconf 79' lang='lat' dir='ltr'>DIRECTORIUM</span> <span class='ocrx_word' id='word_1_3' title='bbox 1040 714 1308 777; x_wconf 83' lang='lat' dir='ltr'>SACERDOTUM.</span> 
     </span>
    </p>
   </div>
   <div class='ocr_carea' id='block_1_2' title="bbox 423 868 1707 1298">
    <p class='ocr_par' dir='ltr' id='par_1_2' title="bbox 423 868 1707 1298">
     <span class='ocr_line' id='line_1_2' title="bbox 466 868 1700 946; baseline 0.002 -13"><span class='ocrx_word' id='word_1_4' title='bbox 466 877 500 946; x_wconf 74' lang='lat' dir='ltr'>(I</span> <span class='ocrx_word' id='word_1_5' title='bbox 523 869 620 933; x_wconf 89' lang='lat' dir='ltr'>Feria</span> <span class='ocrx_word' id='word_1_6' title='bbox 646 870 685 932; x_wconf 82' lang='lat' dir='ltr'>ii.</span> <span class='ocrx_word' id='word_1_7' title='bbox 712 870 754 932; x_wconf 93' lang='lat' dir='ltr'>de</span> <span class='ocrx_word' id='word_1_8' title='bbox 781 868 866 931; x_wconf 83' lang='lat' dir='ltr'>sesto</span> <span class='ocrx_word' id='word_1_9' title='bbox 890 877 1081 931; x_wconf 91' lang='lat' dir='ltr'>sanctorum</span> <span class='ocrx_word' id='word_1_10' title='bbox 1111 869 1271 933; x_wconf 89' lang='lat' dir='ltr'>Iohannis</span> <span class='ocrx_word' id='word_1_11' title='bbox 1295 879 1330 933; x_wconf 92' lang='lat' dir='ltr'>et</span> <span class='ocrx_word' id='word_1_12' title='bbox 1354 870 1455 945; x_wconf 86' lang='lat' dir='ltr'>Pauli,</span> <span class='ocrx_word' id='word_1_13' title='bbox 1480 870 1538 932; x_wconf 89' lang='lat' dir='ltr'>sine</span> <span class='ocrx_word' id='word_1_14' title='bbox 1554 891 1586 932; x_wconf 85' lang='lat' dir='ltr'>re-</span> <span class='ocrx_word' id='word_1_15' title='bbox 1677 871 1700 935; x_wconf 78' lang='grc' dir='ltr'>ί</span> 
     </span>
     <span class='ocr_line' id='line_1_3' title="bbox 424 955 1707 1040; baseline -0.001 -20"><span class='ocrx_word' id='word_1_16' title='bbox 424 959 550 1040; x_wconf 76' lang='lat' dir='ltr'>gimine</span> <span class='ocrx_word' id='word_1_17' title='bbox 576 956 674 1018; x_wconf 91' lang='lat' dir='ltr'>chori.</span> <span class='ocrx_word' id='word_1_18' title='bbox 723 955 955 1018; x_wconf 91' lang='lat' dir='ltr'>Inuitatorium</span> <span class='ocrx_word' id='word_1_19' title='bbox 981 955 1132 1037; x_wconf 91' lang='lat' dir='ltr'>duplex.</span> <span class='ocrx_word' id='word_1_20' title='bbox 1149 956 1191 1019; x_wconf 88' lang='lat' dir='ltr'>iii.</span> <span class='ocrx_word' id='word_1_21' title='bbox 1219 956 1389 1020; x_wconf 90' lang='lat' dir='ltr'>lectiones.</span> <span class='ocrx_word' id='word_1_22' title='bbox 1434 956 1585 1039; x_wconf 80' lang='lat' dir='ltr'>Capitulum</span> <span class='ocrx_word' id='word_1_23' title='bbox 1659 972 1672 1011; x_wconf 57' lang='lat' dir='ltr'>v3</span> <span class='ocrx_word' id='word_1_24' title='bbox 1692 972 1707 1008; x_wconf 69' lang='grc' dir='ltr'><em>Ξ</em></span> 
     </span>
     <span class='ocr_line' id='line_1_4' title="bbox 423 1041 1586 1108; baseline -0.002 -1"><span class='ocrx_word' id='word_1_25' title='bbox 423 1045 478 1108; x_wconf 89' lang='lat' dir='ltr'>Hi</span> <span class='ocrx_word' id='word_1_26' title='bbox 490 1053 569 1106; x_wconf 83' lang='lat' dir='ltr'>sunt</span> <span class='ocrx_word' id='word_1_27' title='bbox 582 1045 652 1106; x_wconf 83' lang='lat' dir='ltr'>viri</span> <span class='ocrx_word' id='word_1_28' title='bbox 665 1041 891 1105; x_wconf 63' lang='lat' dir='ltr'>irrisenkordre¹</span> <span class='ocrx_word' id='word_1_29' title='bbox 903 1066 916 1105; x_wconf 95' lang='lat'>.·</span> <span class='ocrx_word' id='word_1_30' title='bbox 940 1043 1101 1105; x_wconf 88' lang='lat' dir='ltr'>memoria</span> <span class='ocrx_word' id='word_1_31' title='bbox 1117 1043 1159 1105; x_wconf 91' lang='lat' dir='ltr'>de</span> <span class='ocrx_word' id='word_1_32' title='bbox 1175 1053 1293 1106; x_wconf 90' lang='lat' dir='ltr'>saneto</span> <span class='ocrx_word' id='word_1_33' title='bbox 1313 1044 1480 1108; x_wconf 88' lang='lat' dir='ltr'><strong>Iohanne:</strong></span> <span class='ocrx_word' id='word_1_34' title='bbox 1501 1045 1586 1106; x_wconf 85' lang='lat' dir='ltr'>deinde</span> 
     </span>
     <span class='ocr_line' id='line_1_5' title="bbox 424 1127 1586 1211; baseline -0.002 -18"><span class='ocrx_word' id='word_1_35' title='bbox 424 1132 582 1194; x_wconf 85' lang='lat' dir='ltr'><strong>memorie</strong></span> <span class='ocrx_word' id='word_1_36' title='bbox 608 1139 774 1192; x_wconf 88' lang='lat' dir='ltr'>consuete.</span> <span class='ocrx_word' id='word_1_37' title='bbox 821 1127 987 1192; x_wconf 84' lang='lat' dir='ltr'>Secunde²</span> <span class='ocrx_word' id='word_1_38' title='bbox 1013 1149 1150 1211; x_wconf 92' lang='lat' dir='ltr'>vespere</span> <span class='ocrx_word' id='word_1_39' title='bbox 1179 1140 1276 1193; x_wconf 91' lang='lat' dir='ltr'>erunt</span> <span class='ocrx_word' id='word_1_40' title='bbox 1306 1131 1349 1194; x_wconf 94' lang='lat' dir='ltr'>de</span> <span class='ocrx_word' id='word_1_41' title='bbox 1380 1130 1465 1195; x_wconf 85' lang='lat' dir='ltr'>festo</span> <span class='ocrx_word' id='word_1_42' title='bbox 1492 1131 1547 1205; x_wconf 84' lang='lat' dir='ltr'>loci,</span> <span class='ocrx_word' id='word_1_43' title='bbox 1565 1140 1586 1191; x_wconf 88' lang='lat' dir='ltr'>et</span> 
     </span>
     <span class='ocr_line' id='line_1_6' title="bbox 424 1216 1116 1298; baseline -0.003 -18"><span class='ocrx_word' id='word_1_44' title='bbox 424 1219 584 1280; x_wconf 87' lang='lat' dir='ltr'>memoria</span> <span class='ocrx_word' id='word_1_45' title='bbox 599 1218 641 1281; x_wconf 90' lang='lat' dir='ltr'>de</span> <span class='ocrx_word' id='word_1_46' title='bbox 656 1226 771 1279; x_wconf 90' lang='lat' dir='ltr'>saneto</span> <span class='ocrx_word' id='word_1_47' title='bbox 790 1216 938 1278; x_wconf 88' lang='lat' dir='ltr'>iohanne</span> <span class='ocrx_word' id='word_1_48' title='bbox 955 1216 1116 1298; x_wconf 87' lang='lat' dir='ltr'>Baptista</span> 
     </span>
    </p>
   </div>
   <div class='ocr_carea' id='block_1_3' title="bbox 420 1334 1707 1673">
    <p class='ocr_par' dir='ltr' id='par_1_3' title="bbox 420 1334 1707 1673">
     <span class='ocr_line' id='line_1_7' title="bbox 465 1334 1707 1413; baseline -0.003 -13"><span class='ocrx_word' id='word_1_49' title='bbox 465 1344 499 1413; x_wconf 74' lang='lat' dir='ltr'>(I</span> <span class='ocrx_word' id='word_1_50' title='bbox 523 1338 618 1400; x_wconf 89' lang='lat' dir='ltr'>Feria</span> <span class='ocrx_word' id='word_1_51' title='bbox 648 1336 698 1398; x_wconf 84' lang='lat' dir='ltr'>iii.</span> <span class='ocrx_word' id='word_1_52' title='bbox 729 1336 771 1397; x_wconf 92' lang='lat' dir='ltr'>de</span> <span class='ocrx_word' id='word_1_53' title='bbox 803 1334 888 1397; x_wconf 82' lang='lat' dir='ltr'>festo</span> <span class='ocrx_word' id='word_1_54' title='bbox 918 1335 990 1408; x_wconf 89' lang='lat' dir='ltr'>loci,</span> <span class='ocrx_word' id='word_1_55' title='bbox 1021 1346 1056 1398; x_wconf 91' lang='lat' dir='ltr'>et</span> <span class='ocrx_word' id='word_1_56' title='bbox 1087 1337 1247 1399; x_wconf 90' lang='lat' dir='ltr'>memoria</span> <span class='ocrx_word' id='word_1_57' title='bbox 1276 1336 1320 1399; x_wconf 92' lang='lat' dir='ltr'>de</span> <span class='ocrx_word' id='word_1_58' title='bbox 1355 1338 1481 1400; x_wconf 88' lang='lat' dir='ltr'>octauis</span> <span class='ocrx_word' id='word_1_59' title='bbox 1514 1335 1587 1400; x_wconf 81' lang='lat' dir='ltr'>saneti</span> <span class='ocrx_word' id='word_1_60' title='bbox 1673 1372 1707 1411; x_wconf 57' lang='grc' dir='ltr'>,ς</span> 
     </span>
     <span class='ocr_line' id='line_1_8' title="bbox 425 1423 1702 1506; baseline -0.003 -19"><span class='ocrx_word' id='word_1_61' title='bbox 425 1425 606 1487; x_wconf 76' lang='lat' dir='ltr'>iohannis.³</span> <span class='ocrx_word' id='word_1_62' title='bbox 651 1423 818 1487; x_wconf 85' lang='lat' dir='ltr'>Secunde²</span> <span class='ocrx_word' id='word_1_63' title='bbox 833 1443 970 1504; x_wconf 89' lang='lat' dir='ltr'>vespere</span> <span class='ocrx_word' id='word_1_64' title='bbox 979 1431 1077 1485; x_wconf 88' lang='lat' dir='ltr'>erunt</span> <span class='ocrx_word' id='word_1_65' title='bbox 1093 1425 1136 1487; x_wconf 90' lang='lat' dir='ltr'>de</span> <span class='ocrx_word' id='word_1_66' title='bbox 1151 1434 1269 1487; x_wconf 90' lang='lat' dir='ltr'>sancto</span> <span class='ocrx_word' id='word_1_67' title='bbox 1285 1424 1420 1488; x_wconf 87' lang='lat' dir='ltr'>Leone:</span> <span class='ocrx_word' id='word_1_68' title='bbox 1443 1424 1590 1506; x_wconf 87' lang='lat' dir='ltr'>antiphona</span> <span class='ocrx_word' id='word_1_69' title='bbox 1676 1457 1702 1493; x_wconf 70' lang='lat'>2:</span> 
     </span>
     <span class='ocr_line' id='line_1_9' title="bbox 420 1509 1707 1593; baseline -0.004 -19"><span class='ocrx_word' id='word_1_70' title='bbox 420 1525 455 1574; x_wconf 90' lang='lat' dir='ltr'>et</span> <span class='ocrx_word' id='word_1_71' title='bbox 472 1511 591 1593; x_wconf 87' lang='lat' dir='ltr'>psalmi</span> <span class='ocrx_word' id='word_1_72' title='bbox 608 1509 743 1572; x_wconf 81' lang='lat' dir='ltr'>feriales</span> <span class='ocrx_word' id='word_1_73' title='bbox 790 1509 983 1591; x_wconf 86' lang='lat' dir='ltr'>Capitulum</span> <span class='ocrx_word' id='word_1_74' title='bbox 1001 1509 1081 1571; x_wconf 82' lang='lat' dir='ltr'>Ecce</span> <span class='ocrx_word' id='word_1_75' title='bbox 1094 1511 1259 1573; x_wconf 79' lang='lat' dir='ltr'>sacerdos.</span> <span class='ocrx_word' id='word_1_76' title='bbox 1273 1512 1436 1575; x_wconf 86' lang='lat' dir='ltr'>memoria</span> <span class='ocrx_word' id='word_1_77' title='bbox 1450 1514 1491 1575; x_wconf 91' lang='lat' dir='ltr'>de</span> <span class='ocrx_word' id='word_1_78' title='bbox 1504 1520 1590 1573; x_wconf 86' lang='lat' dir='ltr'>sancto</span> <span class='ocrx_word' id='word_1_79' title='bbox 1677 1536 1707 1579; x_wconf 70' lang='lat' dir='ltr'>r:</span> 
     </span>
     <span class='ocr_line' id='line_1_10' title="bbox 426 1597 985 1673; baseline -0.002 -12"><span class='ocrx_word' id='word_1_80' title='bbox 426 1599 582 1673; x_wconf 89' lang='lat' dir='ltr'>Iohanne,</span> <span class='ocrx_word' id='word_1_81' title='bbox 598 1608 632 1660; x_wconf 94' lang='lat' dir='ltr'>et</span> <span class='ocrx_word' id='word_1_82' title='bbox 647 1597 806 1658; x_wconf 88' lang='lat' dir='ltr'>memorie</span> <span class='ocrx_word' id='word_1_83' title='bbox 820 1606 985 1660; x_wconf 88' lang='lat' dir='ltr'>consuete.</span> 
     </span>
    </p>
   </div>
   <div class='ocr_carea' id='block_1_4' title="bbox 422 1790 1707 2043">
    <p class='ocr_par' dir='ltr' id='par_1_4' title="bbox 422 1790 1707 2043">
     <span class='ocr_line' id='line_1_11' title="bbox 424 1790 1707 1888; baseline -0.004 -21"><span class='ocrx_word' id='word_1_84' title='bbox 424 1807 465 1868; x_wconf 85' lang='lat' dir='ltr'>iil.</span> <span class='ocrx_word' id='word_1_85' title='bbox 490 1805 657 1879; x_wconf 88' lang='lat' dir='ltr'>lectiones,</span> <span class='ocrx_word' id='word_1_86' title='bbox 687 1823 762 1865; x_wconf 90' lang='lat' dir='ltr'>cum</span> <span class='ocrx_word' id='word_1_87' title='bbox 794 1811 966 1877; x_wconf 92' lang='lat' dir='ltr'>nocturno,</span> <span class='ocrx_word' id='word_1_88' title='bbox 997 1813 1132 1884; x_wconf 90' lang='lat' dir='ltr'>propter</span> <span class='ocrx_word' id='word_1_89' title='bbox 1160 1805 1312 1888; x_wconf 85' lang='lat' dir='ltr'>vigilias.</span> <span class='ocrx_word' id='word_1_90' title='bbox 1330 1825 1399 1869; x_wconf 92' lang='lat' dir='ltr'>non</span> <span class='ocrx_word' id='word_1_91' title='bbox 1429 1806 1539 1869; x_wconf 91' lang='lat' dir='ltr'>dicitur</span> <span class='ocrx_word' id='word_1_92' title='bbox 1566 1802 1604 1866; x_wconf 81' lang='lat' dir='ltr'>Te</span> <span class='ocrx_word' id='word_1_93' title='bbox 1686 1790 1707 1809; x_wconf 58' lang='lat'>⁰</span> 
     </span>
     <span class='ocr_line' id='line_1_12' title="bbox 422 1888 1615 1972; baseline 0.003 -18"><span class='ocrx_word' id='word_1_94' title='bbox 422 1893 538 1955; x_wconf 82' lang='lat' dir='ltr'>Deum.</span> <span class='ocrx_word' id='word_1_95' title='bbox 584 1890 775 1972; x_wconf 86' lang='lat' dir='ltr'>Capitulum</span> <span class='ocrx_word' id='word_1_96' title='bbox 792 1888 1048 1952; x_wconf 82' lang='lat' dir='ltr'>Benedictionem</span> <span class='ocrx_word' id='word_1_97' title='bbox 1059 1915 1070 1953; x_wconf 94' lang='lat'>.·</span> <span class='ocrx_word' id='word_1_98' title='bbox 1094 1892 1255 1956; x_wconf 90' lang='lat' dir='ltr'>memoria</span> <span class='ocrx_word' id='word_1_99' title='bbox 1273 1895 1317 1956; x_wconf 92' lang='lat' dir='ltr'>de</span> <span class='ocrx_word' id='word_1_100' title='bbox 1332 1903 1450 1956; x_wconf 86' lang='lat' dir='ltr'>sancto</span> <span class='ocrx_word' id='word_1_101' title='bbox 1468 1893 1615 1957; x_wconf 79' lang='lat' dir='ltr'>Iohanne,</span> 
     </span>
     <span class='ocr_line' id='line_1_13' title="bbox 422 1979 813 2043; baseline -0.003 -2"><span class='ocrx_word' id='word_1_102' title='bbox 422 1992 457 2043; x_wconf 91' lang='lat' dir='ltr'>et</span> <span class='ocrx_word' id='word_1_103' title='bbox 473 1979 632 2041; x_wconf 89' lang='lat' dir='ltr'>memorie</span> <span class='ocrx_word' id='word_1_104' title='bbox 647 1987 813 2040; x_wconf 88' lang='lat' dir='ltr'>consuete.</span> 
     </span>
    </p>
   </div>
   <div class='ocr_carea' id='block_1_5' title="bbox 418 2096 1660 2441">
    <p class='ocr_par' dir='ltr' id='par_1_5' title="bbox 418 2096 1660 2441">
     <span class='ocr_line' id='line_1_14' title="bbox 465 2096 1633 2178; baseline -0.005 -18"><span class='ocrx_word' id='word_1_105' title='bbox 465 2105 499 2174; x_wconf 70' lang='grc' dir='ltr'>(Ι</span> <span class='ocrx_word' id='word_1_106' title='bbox 523 2099 619 2161; x_wconf 86' lang='lat' dir='ltr'>Feria</span> <span class='ocrx_word' id='word_1_107' title='bbox 649 2119 686 2159; x_wconf 94' lang='lat' dir='ltr'>.v.</span> <span class='ocrx_word' id='word_1_108' title='bbox 713 2098 756 2159; x_wconf 93' lang='lat' dir='ltr'>de</span> <span class='ocrx_word' id='word_1_109' title='bbox 787 2096 871 2159; x_wconf 83' lang='lat' dir='ltr'>sesto</span> <span class='ocrx_word' id='word_1_110' title='bbox 901 2097 1131 2178; x_wconf 91' lang='lat' dir='ltr'>apostolorum</span> <span class='ocrx_word' id='word_1_111' title='bbox 1196 2099 1285 2162; x_wconf 89' lang='lat' dir='ltr'>Petri</span> <span class='ocrx_word' id='word_1_112' title='bbox 1315 2108 1349 2162; x_wconf 91' lang='lat' dir='ltr'>et</span> <span class='ocrx_word' id='word_1_113' title='bbox 1381 2099 1483 2175; x_wconf 89' lang='lat' dir='ltr'>Pauli,</span> <span class='ocrx_word' id='word_1_114' title='bbox 1513 2099 1633 2163; x_wconf 79' lang='lat' dir='ltr'>minu5</span> 
     </span>
     <span class='ocr_line' id='line_1_15' title="bbox 418 2166 1646 2269; baseline -0.001 -21"><span class='ocrx_word' id='word_1_115' title='bbox 418 2186 556 2269; x_wconf 85' lang='lat' dir='ltr'>duplex.</span> <span class='ocrx_word' id='word_1_116' title='bbox 617 2184 674 2247; x_wconf 88' lang='lat' dir='ltr'>Ad</span> <span class='ocrx_word' id='word_1_117' title='bbox 704 2194 860 2265; x_wconf 87' lang='lat' dir='ltr'>vtrasque</span> <span class='ocrx_word' id='word_1_118' title='bbox 890 2203 1055 2265; x_wconf 87' lang='lat' dir='ltr'>vesperas,</span> <span class='ocrx_word' id='word_1_119' title='bbox 1084 2192 1118 2246; x_wconf 91' lang='lat' dir='ltr'>et</span> <span class='ocrx_word' id='word_1_120' title='bbox 1145 2185 1187 2247; x_wconf 92' lang='lat' dir='ltr'>ad</span> <span class='ocrx_word' id='word_1_121' title='bbox 1212 2187 1403 2260; x_wconf 90' lang='lat' dir='ltr'>matutinas,</span> <span class='ocrx_word' id='word_1_122' title='bbox 1433 2186 1522 2249; x_wconf 92' lang='lat' dir='ltr'>nulla</span> <span class='ocrx_word' id='word_1_123' title='bbox 1548 2166 1646 2248; x_wconf 50' lang='lat' dir='ltr'>fierff</span> 
     </span>
     <span class='ocr_line' id='line_1_16' title="bbox 421 2268 1660 2420; baseline 0 -85"><span class='ocrx_word' id='word_1_124' title='bbox 421 2273 581 2420; x_wconf 68' lang='lat' dir='ltr'>memorlia</span> <span class='ocrx_word' id='word_1_125' title='bbox 595 2271 638 2333; x_wconf 91' lang='lat' dir='ltr'>de</span> <span class='ocrx_word' id='word_1_126' title='bbox 653 2280 770 2333; x_wconf 91' lang='lat' dir='ltr'>sancto</span> <span class='ocrx_word' id='word_1_127' title='bbox 788 2271 945 2333; x_wconf 91' lang='lat' dir='ltr'>Iohanne.</span> <span class='ocrx_word' id='word_1_128' title='bbox 992 2268 1146 2333; x_wconf 91' lang='lat' dir='ltr'>Secunde</span> <span class='ocrx_word' id='word_1_129' title='bbox 1161 2292 1298 2353; x_wconf 87' lang='lat' dir='ltr'>vespere</span> <span class='ocrx_word' id='word_1_130' title='bbox 1313 2283 1411 2336; x_wconf 90' lang='lat' dir='ltr'>erunt</span> <span class='ocrx_word' id='word_1_131' title='bbox 1426 2272 1660 2355; x_wconf 54' lang='lat' dir='ltr'>devtrisquss</span> 
     </span>
     <span class='ocr_line' id='line_1_17' title="bbox 418 2370 587 2441; baseline -0.012 -20"><span class='ocrx_word' id='word_1_132' title='bbox 418 2370 537 2441; x_wconf 87' lang='lat' dir='ltr'>aposto</span> <span class='ocrx_word' id='word_1_133' title='bbox 552 2379 587 2420; x_wconf 84' lang='lat' dir='ltr'>rs,</span> 
     </span>
    </p>
   </div>
   <div class='ocr_carea' id='block_1_6' title="bbox 418 2476 1707 2907">
    <p class='ocr_par' dir='ltr' id='par_1_6' title="bbox 418 2476 1707 2907">
     <span class='ocr_line' id='line_1_18' title="bbox 464 2476 1685 2556; baseline 0.001 -15"><span class='ocrx_word' id='word_1_134' title='bbox 464 2485 498 2554; x_wconf 70' lang='grc' dir='ltr'>(Ι</span> <span class='ocrx_word' id='word_1_135' title='bbox 522 2479 617 2541; x_wconf 87' lang='lat' dir='ltr'>Feria</span> <span class='ocrx_word' id='word_1_136' title='bbox 642 2478 690 2539; x_wconf 90' lang='lat' dir='ltr'>.vi.</span> <span class='ocrx_word' id='word_1_137' title='bbox 714 2477 756 2539; x_wconf 90' lang='lat' dir='ltr'>de</span> <span class='ocrx_word' id='word_1_138' title='bbox 779 2476 1101 2538; x_wconf 87' lang='lat' dir='ltr'>commemoratione</span> <span class='ocrx_word' id='word_1_139' title='bbox 1125 2479 1232 2542; x_wconf 88' lang='lat' dir='ltr'>sancti</span> <span class='ocrx_word' id='word_1_140' title='bbox 1259 2479 1363 2556; x_wconf 88' lang='lat' dir='ltr'>Pauli,</span> <span class='ocrx_word' id='word_1_141' title='bbox 1389 2478 1685 2544; x_wconf 48' lang='lat' dir='ltr'>Inuitatoriurf)</span> 
     </span>
     <span class='ocr_line' id='line_1_19' title="bbox 424 2562 1695 2650; baseline 0.001 -22"><span class='ocrx_word' id='word_1_142' title='bbox 424 2566 554 2647; x_wconf 83' lang='lat' dir='ltr'>triplex.</span> <span class='ocrx_word' id='word_1_143' title='bbox 602 2564 657 2626; x_wconf 80' lang='lat' dir='ltr'>Ad</span> <span class='ocrx_word' id='word_1_144' title='bbox 690 2565 824 2625; x_wconf 88' lang='lat' dir='ltr'>missam</span> <span class='ocrx_word' id='word_1_145' title='bbox 856 2563 978 2626; x_wconf 90' lang='lat' dir='ltr'>dicitur</span> <span class='ocrx_word' id='word_1_146' title='bbox 1011 2562 1120 2635; x_wconf 82' lang='lat' dir='ltr'>Credo,</span> <span class='ocrx_word' id='word_1_147' title='bbox 1146 2573 1179 2627; x_wconf 89' lang='lat' dir='ltr'>et</span> <span class='ocrx_word' id='word_1_148' title='bbox 1210 2564 1353 2647; x_wconf 85' lang='lat' dir='ltr'>prefatio</span> <span class='ocrx_word' id='word_1_149' title='bbox 1382 2567 1426 2630; x_wconf 92' lang='lat' dir='ltr'>de</span> <span class='ocrx_word' id='word_1_150' title='bbox 1456 2567 1622 2650; x_wconf 55' lang='lat' dir='ltr'>apostoliffi</span> <span class='ocrx_word' id='word_1_151' title='bbox 1680 2590 1695 2603; x_wconf 84' lang='grc'><em>·</em></span> 
     </span>
     <span class='ocr_line' id='line_1_20' title="bbox 422 2650 1707 2737; baseline 0.001 -22"><span class='ocrx_word' id='word_1_152' title='bbox 422 2653 574 2716; x_wconf 85' lang='lat' dir='ltr'>Secunde</span> <span class='ocrx_word' id='word_1_153' title='bbox 585 2670 721 2731; x_wconf 88' lang='lat' dir='ltr'>vespere</span> <span class='ocrx_word' id='word_1_154' title='bbox 736 2661 832 2712; x_wconf 91' lang='lat' dir='ltr'>erunt</span> <span class='ocrx_word' id='word_1_155' title='bbox 847 2650 889 2711; x_wconf 95' lang='lat' dir='ltr'>de</span> <span class='ocrx_word' id='word_1_156' title='bbox 901 2659 1017 2712; x_wconf 88' lang='lat' dir='ltr'>saneta</span> <span class='ocrx_word' id='word_1_157' title='bbox 1030 2650 1149 2729; x_wconf 89' lang='lat' dir='ltr'>Maria,</span> <span class='ocrx_word' id='word_1_158' title='bbox 1159 2663 1193 2714; x_wconf 92' lang='lat' dir='ltr'>et</span> <span class='ocrx_word' id='word_1_159' title='bbox 1209 2653 1370 2715; x_wconf 88' lang='lat' dir='ltr'>memoria</span> <span class='ocrx_word' id='word_1_160' title='bbox 1386 2654 1429 2716; x_wconf 90' lang='lat' dir='ltr'>de</span> <span class='ocrx_word' id='word_1_161' title='bbox 1444 2655 1596 2737; x_wconf 88' lang='lat' dir='ltr'>apostolis</span> <span class='ocrx_word' id='word_1_162' title='bbox 1690 2650 1707 2689; x_wconf 75' lang='lat'>‘-</span> 
     </span>
     <span class='ocr_line' id='line_1_21' title="bbox 418 2736 1707 2825; baseline 0.002 -24"><span class='ocrx_word' id='word_1_163' title='bbox 418 2739 604 2820; x_wconf 86' lang='lat' dir='ltr'>antiphona</span> <span class='ocrx_word' id='word_1_164' title='bbox 626 2737 668 2798; x_wconf 82' lang='lat' dir='ltr'>In</span> <span class='ocrx_word' id='word_1_165' title='bbox 695 2736 962 2817; x_wconf 64' lang='lat' dir='ltr'>regeneratzbne‘:</span> <span class='ocrx_word' id='word_1_166' title='bbox 985 2747 1019 2799; x_wconf 92' lang='lat' dir='ltr'>et</span> <span class='ocrx_word' id='word_1_167' title='bbox 1044 2738 1088 2800; x_wconf 92' lang='lat' dir='ltr'>de</span> <span class='ocrx_word' id='word_1_168' title='bbox 1113 2748 1231 2801; x_wconf 88' lang='lat' dir='ltr'>sancto</span> <span class='ocrx_word' id='word_1_169' title='bbox 1256 2739 1417 2818; x_wconf 89' lang='lat' dir='ltr'>Iohanne,</span> <span class='ocrx_word' id='word_1_170' title='bbox 1440 2740 1707 2825; x_wconf 52' lang='lat' dir='ltr'>antiphonff</span> 
     </span>
     <span class='ocr_line' id='line_1_22' title="bbox 421 2823 1179 2907; baseline 0 -20"><span class='ocrx_word' id='word_1_171' title='bbox 421 2826 570 2907; x_wconf 81' lang='lat' dir='ltr'>Ingresso</span> <span class='ocrx_word' id='word_1_172' title='bbox 582 2823 751 2886; x_wconf 75' lang='lat' dir='ltr'>Zacharia</span> <span class='ocrx_word' id='word_1_173' title='bbox 766 2873 773 2886; x_wconf 92' lang='lat'>.</span> <span class='ocrx_word' id='word_1_174' title='bbox 790 2823 969 2885; x_wconf 86' lang='lat' dir='ltr'>versiculus</span> <span class='ocrx_word' id='word_1_175' title='bbox 985 2823 1067 2885; x_wconf 80' lang='lat' dir='ltr'>Fuit</span> <span class='ocrx_word' id='word_1_176' title='bbox 1079 2823 1179 2887; x_wconf 77' lang='lat' dir='ltr'>homo.</span> 
     </span>
    </p>
   </div>
   <div class='ocr_carea' id='block_1_7' title="bbox 417 2943 1707 3373">
    <p class='ocr_par' dir='ltr' id='par_1_7' title="bbox 417 2943 1707 3373">
     <span class='ocr_line' id='line_1_23' title="bbox 464 2943 1588 3020; baseline 0.004 -13"><span class='ocrx_word' id='word_1_177' title='bbox 464 2952 497 3020; x_wconf 63' lang='lat' dir='ltr'>(l</span> <span class='ocrx_word' id='word_1_178' title='bbox 521 2944 679 3017; x_wconf 90' lang='lat' dir='ltr'>Sabbato,</span> <span class='ocrx_word' id='word_1_179' title='bbox 696 2943 738 3005; x_wconf 89' lang='lat' dir='ltr'>de</span> <span class='ocrx_word' id='word_1_180' title='bbox 760 2953 877 3005; x_wconf 86' lang='lat' dir='ltr'>saneta</span> <span class='ocrx_word' id='word_1_181' title='bbox 901 2943 1018 3020; x_wconf 91' lang='lat' dir='ltr'>Maria,</span> <span class='ocrx_word' id='word_1_182' title='bbox 1041 2945 1202 3007; x_wconf 92' lang='lat' dir='ltr'>memoria</span> <span class='ocrx_word' id='word_1_183' title='bbox 1232 2947 1275 3009; x_wconf 93' lang='lat' dir='ltr'>de</span> <span class='ocrx_word' id='word_1_184' title='bbox 1299 2958 1418 3010; x_wconf 90' lang='lat' dir='ltr'>sancto</span> <span class='ocrx_word' id='word_1_185' title='bbox 1444 2947 1588 3011; x_wconf 89' lang='lat' dir='ltr'>Iohanne</span> 
     </span>
     <span class='ocr_line' id='line_1_24' title="bbox 420 3030 1707 3113; baseline -0.002 -18"><span class='ocrx_word' id='word_1_186' title='bbox 420 3032 604 3113; x_wconf 86' lang='lat' dir='ltr'>antiphona</span> <span class='ocrx_word' id='word_1_187' title='bbox 619 3030 756 3091; x_wconf 82' lang='lat' dir='ltr'>Factum</span> <span class='ocrx_word' id='word_1_188' title='bbox 778 3039 826 3091; x_wconf 84' lang='lat' dir='ltr'>est</span> <span class='ocrx_word' id='word_1_189' title='bbox 846 3051 926 3092; x_wconf 79' lang='lat' dir='ltr'>curn.</span> <span class='ocrx_word' id='word_1_190' title='bbox 975 3031 1080 3092; x_wconf 86' lang='lat' dir='ltr'>Missa</span> <span class='ocrx_word' id='word_1_191' title='bbox 1105 3033 1136 3093; x_wconf 91' lang='lat' dir='ltr'>in</span> <span class='ocrx_word' id='word_1_192' title='bbox 1163 3033 1319 3113; x_wconf 90' lang='lat' dir='ltr'>capitulo,</span> <span class='ocrx_word' id='word_1_193' title='bbox 1336 3043 1370 3097; x_wconf 91' lang='lat' dir='ltr'>et</span> <span class='ocrx_word' id='word_1_194' title='bbox 1397 3036 1556 3099; x_wconf 87' lang='lat' dir='ltr'>memoria</span> <span class='ocrx_word' id='word_1_195' title='bbox 1577 3035 1660 3097; x_wconf 77' lang='lat' dir='ltr'>d-</span> <span class='ocrx_word' id='word_1_196' title='bbox 1688 3055 1707 3087; x_wconf 73' lang='grc' dir='ltr'>ι</span> 
     </span>
     <span class='ocr_line' id='line_1_25' title="bbox 419 3115 1707 3201; baseline 0.002 -19"><span class='ocrx_word' id='word_1_197' title='bbox 419 3118 588 3201; x_wconf 84' lang='lat' dir='ltr'>apostolis.</span> <span class='ocrx_word' id='word_1_198' title='bbox 636 3115 802 3179; x_wconf 79' lang='lat' dir='ltr'>Secunde²</span> <span class='ocrx_word' id='word_1_199' title='bbox 817 3137 954 3198; x_wconf 91' lang='lat' dir='ltr'>vespere</span> <span class='ocrx_word' id='word_1_200' title='bbox 966 3127 1062 3179; x_wconf 88' lang='lat' dir='ltr'>erunt</span> <span class='ocrx_word' id='word_1_201' title='bbox 1078 3117 1120 3180; x_wconf 94' lang='lat' dir='ltr'>de</span> <span class='ocrx_word' id='word_1_202' title='bbox 1131 3118 1342 3196; x_wconf 89' lang='lat' dir='ltr'>Visitatione,</span> <span class='ocrx_word' id='word_1_203' title='bbox 1357 3141 1434 3184; x_wconf 90' lang='lat' dir='ltr'>cum</span> <span class='ocrx_word' id='word_1_204' title='bbox 1452 3123 1707 3186; x_wconf 71' lang='lat' dir='ltr'>memoria-</span> 
     </span>
     <span class='ocr_line' id='line_1_26' title="bbox 417 3203 1707 3291; baseline 0.005 -22"><span class='ocrx_word' id='word_1_205' title='bbox 417 3209 462 3268; x_wconf 91' lang='lat' dir='ltr'>de</span> <span class='ocrx_word' id='word_1_206' title='bbox 478 3205 654 3277; x_wconf 88' lang='lat' dir='ltr'>dominica,</span> <span class='ocrx_word' id='word_1_207' title='bbox 670 3213 703 3264; x_wconf 91' lang='lat' dir='ltr'>et</span> <span class='ocrx_word' id='word_1_208' title='bbox 727 3203 901 3280; x_wconf 87' lang='lat' dir='ltr'>Trinitate,</span> <span class='ocrx_word' id='word_1_209' title='bbox 923 3203 986 3267; x_wconf 92' lang='lat' dir='ltr'>sub</span> <span class='ocrx_word' id='word_1_210' title='bbox 1011 3204 1144 3267; x_wconf 89' lang='lat' dir='ltr'>silentio</span> <span class='ocrx_word' id='word_1_211' title='bbox 1162 3229 1168 3266; x_wconf 94' lang='lat'><strong>:</strong></span> <span class='ocrx_word' id='word_1_212' title='bbox 1184 3215 1218 3268; x_wconf 92' lang='lat' dir='ltr'>et</span> <span class='ocrx_word' id='word_1_213' title='bbox 1234 3206 1315 3269; x_wconf 92' lang='lat' dir='ltr'>nihil</span> <span class='ocrx_word' id='word_1_214' title='bbox 1341 3209 1384 3271; x_wconf 94' lang='lat' dir='ltr'>de</span> <span class='ocrx_word' id='word_1_215' title='bbox 1410 3208 1707 3291; x_wconf 60' lang='lat' dir='ltr'>martyribuS</span> 
     </span>
     <span class='ocr_line' id='line_1_27' title="bbox 417 3291 712 3373; baseline -0.017 -18"><span class='ocrx_word' id='word_1_216' title='bbox 417 3293 510 3356; x_wconf 92' lang='lat' dir='ltr'>nulla</span> <span class='ocrx_word' id='word_1_217' title='bbox 526 3291 712 3373; x_wconf 72' lang='lat' dir='ltr'>processio⁰</span> 
     </span>
    </p>
   </div>
   <div class='ocr_carea' id='block_1_8' title="bbox 418 3409 1707 3752">
    <p class='ocr_par' dir='ltr' id='par_1_8' title="bbox 418 3409 1707 3752">
     <span class='ocr_line' id='line_1_28' title="bbox 596 3409 1707 3494; baseline 0.009 -23"><span class='ocrx_word' id='word_1_218' title='bbox 596 3416 629 3484; x_wconf 63' lang='lat' dir='ltr'>(l</span> <span class='ocrx_word' id='word_1_219' title='bbox 652 3409 831 3472; x_wconf 90' lang='lat' dir='ltr'>Dominica</span> <span class='ocrx_word' id='word_1_220' title='bbox 861 3431 898 3470; x_wconf 90' lang='lat' dir='ltr'>.v.</span> <span class='ocrx_word' id='word_1_221' title='bbox 926 3410 968 3471; x_wconf 92' lang='lat' dir='ltr'>de</span> <span class='ocrx_word' id='word_1_222' title='bbox 998 3409 1202 3473; x_wconf 89' lang='lat' dir='ltr'>Visitatione</span> <span class='ocrx_word' id='word_1_223' title='bbox 1229 3413 1326 3476; x_wconf 90' lang='lat' dir='ltr'>beate</span> <span class='ocrx_word' id='word_1_224' title='bbox 1352 3415 1470 3494; x_wconf 89' lang='lat' dir='ltr'>Marie,</span> <span class='ocrx_word' id='word_1_225' title='bbox 1501 3416 1707 3493; x_wconf 65' lang='lat' dir='ltr'>festu-12</span> 
     </span>
     <span class='ocr_line' id='line_1_29' title="bbox 420 3459 1700 3583; baseline 0.011 -28"><span class='ocrx_word' id='word_1_226' title='bbox 420 3459 534 3532; x_wconf 50' lang='lat' dir='ltr'>ium]</span> <span class='ocrx_word' id='word_1_227' title='bbox 597 3497 703 3558; x_wconf 88' lang='lat' dir='ltr'>maius</span> <span class='ocrx_word' id='word_1_228' title='bbox 734 3495 871 3577; x_wconf 87' lang='lat' dir='ltr'>duplex,</span> <span class='ocrx_word' id='word_1_229' title='bbox 897 3515 972 3557; x_wconf 91' lang='lat' dir='ltr'>cum</span> <span class='ocrx_word' id='word_1_230' title='bbox 1004 3497 1141 3573; x_wconf 90' lang='lat' dir='ltr'>octauis,</span> <span class='ocrx_word' id='word_1_231' title='bbox 1171 3510 1205 3562; x_wconf 91' lang='lat' dir='ltr'>et</span> <span class='ocrx_word' id='word_1_232' title='bbox 1235 3502 1398 3583; x_wconf 85' lang='lat' dir='ltr'>regimine</span> <span class='ocrx_word' id='word_1_233' title='bbox 1420 3504 1518 3567; x_wconf 87' lang='lat' dir='ltr'>chori.</span> <span class='ocrx_word' id='word_1_234' title='bbox 1557 3503 1700 3581; x_wconf 48' lang='lat' dir='ltr'>hd</span> 
     </span>
     <span class='ocr_line' id='line_1_30' title="bbox 420 3582 1679 3668; baseline 0.004 -21"><span class='ocrx_word' id='word_1_235' title='bbox 420 3585 581 3647; x_wconf 90' lang='lat' dir='ltr'>secundas</span> <span class='ocrx_word' id='word_1_236' title='bbox 597 3603 759 3665; x_wconf 68' lang='lat' dir='ltr'>vesperas</span> <span class='ocrx_word' id='word_1_237' title='bbox 777 3583 960 3664; x_wconf 90' lang='lat' dir='ltr'>antiphona</span> <span class='ocrx_word' id='word_1_238' title='bbox 978 3582 1117 3647; x_wconf 80' lang='lat' dir='ltr'>Scandit</span> <span class='ocrx_word' id='word_1_239' title='bbox 1134 3586 1306 3668; x_wconf 90' lang='lat' dir='ltr'>:psalmus</span> <span class='ocrx_word' id='word_1_240' title='bbox 1328 3588 1432 3652; x_wconf 80' lang='lat' dir='ltr'>Dixit</span> <span class='ocrx_word' id='word_1_241' title='bbox 1451 3591 1625 3655; x_wconf 59' lang='lat' dir='ltr'>Damne-</span> <span class='ocrx_word' id='word_1_242' title='bbox 1635 3627 1679 3666; x_wconf 53' lang='grc' dir='ltr'><em>ῃ</em></span> 
     </span>
     <span class='ocr_line' id='line_1_31' title="bbox 418 3656 1682 3752; baseline 0.004 -19"><span class='ocrx_word' id='word_1_243' title='bbox 418 3683 452 3734; x_wconf 90' lang='lat' dir='ltr'>et</span> <span class='ocrx_word' id='word_1_244' title='bbox 468 3672 578 3746; x_wconf 87' lang='lat' dir='ltr'>ceteri,</span> <span class='ocrx_word' id='word_1_245' title='bbox 594 3669 711 3752; x_wconf 88' lang='lat' dir='ltr'>psalmi</span> <span class='ocrx_word' id='word_1_246' title='bbox 728 3669 770 3730; x_wconf 95' lang='lat' dir='ltr'>de</span> <span class='ocrx_word' id='word_1_247' title='bbox 786 3679 901 3731; x_wconf 90' lang='lat' dir='ltr'>sancta</span> <span class='ocrx_word' id='word_1_248' title='bbox 919 3669 1034 3732; x_wconf 84' lang='lat' dir='ltr'>Maria</span> <span class='ocrx_word' id='word_1_249' title='bbox 1673 3656 1682 3681; x_wconf 69' lang='lat'><em>&#39;</em></span> 
     </span>
    </p>
   </div>
   <div class='ocr_carea' id='block_1_9' title="bbox 462 3787 917 3867">
    <p class='ocr_par' dir='ltr' id='par_1_9' title="bbox 462 3787 917 3867">
     <span class='ocr_line' id='line_1_32' title="bbox 462 3787 917 3867; baseline -0.009 -14"><span class='ocrx_word' id='word_1_250' title='bbox 462 3799 494 3866; x_wconf 58' lang='lat' dir='ltr'>(l</span> <span class='ocrx_word' id='word_1_251' title='bbox 519 3790 615 3853; x_wconf 89' lang='lat' dir='ltr'>Feria</span> <span class='ocrx_word' id='word_1_252' title='bbox 630 3789 680 3867; x_wconf 90' lang='lat' dir='ltr'>.ii.,</span> <span class='ocrx_word' id='word_1_253' title='bbox 696 3788 737 3850; x_wconf 91' lang='lat' dir='ltr'>de</span> <span class='ocrx_word' id='word_1_254' title='bbox 753 3787 917 3850; x_wconf 78' lang='lat' dir='ltr'>octauis¹⁰</span> 
     </span>
    </p>
   </div>
   <div class='ocr_carea' id='block_1_10' title="bbox 411 4031 1685 4795">
    <p class='ocr_par' dir='ltr' id='par_1_10' title="bbox 451 4031 1481 4106">
     <span class='ocr_line' id='line_1_33' title="bbox 451 4031 1481 4106; baseline 0.004 -22"><span class='ocrx_word' id='word_1_255' title='bbox 451 4036 457 4064; x_wconf 87' lang='lat'>¹</span> <span class='ocrx_word' id='word_1_256' title='bbox 476 4033 658 4084; x_wconf 86' lang='lat' dir='ltr'>misericordie:</span> <span class='ocrx_word' id='word_1_257' title='bbox 676 4049 722 4081; x_wconf 76' lang='lat' dir='ltr'>ovi.</span> <span class='ocrx_word' id='word_1_258' title='bbox 738 4032 777 4092; x_wconf 88' lang='lat'>87,</span> <span class='ocrx_word' id='word_1_259' title='bbox 789 4031 828 4081; x_wconf 87' lang='lat'>88.</span> <span class='ocrx_word' id='word_1_260' title='bbox 865 4032 928 4097; x_wconf 87' lang='lat' dir='ltr'>Cap.</span> <span class='ocrx_word' id='word_1_261' title='bbox 943 4034 985 4082; x_wconf 80' lang='lat' dir='ltr'>Hi</span> <span class='ocrx_word' id='word_1_262' title='bbox 994 4041 1055 4083; x_wconf 79' lang='lat' dir='ltr'>sunt</span> <span class='ocrx_word' id='word_1_263' title='bbox 1066 4035 1128 4096; x_wconf 81' lang='lat' dir='ltr'>viri,</span> <span class='ocrx_word' id='word_1_264' title='bbox 1141 4037 1217 4087; x_wconf 87' lang='lat' dir='ltr'>Brev.</span> <span class='ocrx_word' id='word_1_265' title='bbox 1232 4039 1289 4089; x_wconf 86' lang='lat' dir='ltr'>Sar.</span> <span class='ocrx_word' id='word_1_266' title='bbox 1304 4039 1339 4090; x_wconf 92' lang='lat' dir='ltr'>iii.</span> <span class='ocrx_word' id='word_1_267' title='bbox 1354 4051 1412 4105; x_wconf 82' lang='lat'>353,</span> <span class='ocrx_word' id='word_1_268' title='bbox 1423 4053 1481 4106; x_wconf 78' lang='lat'>452.</span> 
     </span>
    </p>

    <p class='ocr_par' dir='ltr' id='par_1_11' title="bbox 449 4097 775 4194">
     <span class='ocr_line' id='line_1_34' title="bbox 449 4097 775 4194; baseline -0.015 -44"><span class='ocrx_word' id='word_1_269' title='bbox 449 4100 460 4194; x_wconf 52' lang='grc' dir='ltr'>ἰ</span> <span class='ocrx_word' id='word_1_270' title='bbox 476 4100 606 4174; x_wconf 80' lang='lat' dir='ltr'>Secunde:</span> <span class='ocrx_word' id='word_1_271' title='bbox 623 4115 668 4146; x_wconf 85' lang='lat' dir='ltr'>om.</span> <span class='ocrx_word' id='word_1_272' title='bbox 684 4098 723 4178; x_wconf 66' lang='lat' dir='ltr'>SJ,</span> <span class='ocrx_word' id='word_1_273' title='bbox 735 4097 775 4146; x_wconf 86' lang='lat'>88.</span> 
     </span>
    </p>

    <p class='ocr_par' dir='ltr' id='par_1_12' title="bbox 450 4162 1483 4294">
     <span class='ocr_line' id='line_1_35' title="bbox 450 4162 1483 4294; baseline 0.008 -16"><span class='ocrx_word' id='word_1_274' title='bbox 450 4229 460 4258; x_wconf 82' lang='lat'>⁴</span> <span class='ocrx_word' id='word_1_275' title='bbox 475 4162 811 4284; x_wconf 37' lang='lat' dir='ltr'>Ihiiisiiri1.atii·8igheone‚</span> <span class='ocrx_word' id='word_1_276' title='bbox 819 4229 927 4290; x_wconf 75' lang='lat' dir='ltr'>printed</span> <span class='ocrx_word' id='word_1_277' title='bbox 935 4229 1005 4276; x_wconf 78' lang='lat' dir='ltr'>th&#39;ce</span> <span class='ocrx_word' id='word_1_278' title='bbox 1015 4245 1074 4277; x_wconf 79' lang='lat' dir='ltr'>ouer</span> <span class='ocrx_word' id='word_1_279' title='bbox 1084 4230 1112 4278; x_wconf 81' lang='lat' dir='ltr'>in</span> <span class='ocrx_word' id='word_1_280' title='bbox 1124 4242 1165 4294; x_wconf 79' lang='lat'>95.</span> <span class='ocrx_word' id='word_1_281' title='bbox 1178 4244 1219 4293; x_wconf 88' lang='lat'>97,</span> <span class='ocrx_word' id='word_1_282' title='bbox 1232 4246 1262 4282; x_wconf 93' lang='lat'>01</span> <span class='ocrx_word' id='word_1_283' title='bbox 1274 4251 1282 4293; x_wconf 86' lang='lat'>;</span> <span class='ocrx_word' id='word_1_284' title='bbox 1298 4243 1390 4285; x_wconf 81' lang='lat' dir='ltr'>correct</span> <span class='ocrx_word' id='word_1_285' title='bbox 1400 4238 1430 4286; x_wconf 76' lang='lat' dir='ltr'>in</span> <span class='ocrx_word' id='word_1_286' title='bbox 1441 4236 1483 4288; x_wconf 87' lang='lat'>08.</span> 
     </span>
    </p>

    <p class='ocr_par' dir='ltr' id='par_1_13' title="bbox 450 4292 1036 4356">
     <span class='ocr_line' id='line_1_36' title="bbox 450 4292 1036 4356; baseline -0.005 -13"><span class='ocrx_word' id='word_1_287' title='bbox 450 4293 460 4321; x_wconf 75' lang='lat'>·&#39;&#39;</span> <span class='ocrx_word' id='word_1_288' title='bbox 477 4296 535 4343; x_wconf 84' lang='lat' dir='ltr'>hat:</span> <span class='ocrx_word' id='word_1_289' title='bbox 553 4294 592 4342; x_wconf 83' lang='lat'>88.</span> <span class='ocrx_word' id='word_1_290' title='bbox 629 4293 667 4341; x_wconf 87' lang='lat' dir='ltr'>CI.</span> <span class='ocrx_word' id='word_1_291' title='bbox 685 4292 944 4355; x_wconf 65' lang='lat' dir='ltr'>Crem-nlicki5154,</span> <span class='ocrx_word' id='word_1_292' title='bbox 957 4309 982 4356; x_wconf 84' lang='grc' dir='ltr'>ρ.</span> <span class='ocrx_word' id='word_1_293' title='bbox 997 4303 1036 4354; x_wconf 83' lang='grc'>71.</span> 
     </span>
    </p>

    <p class='ocr_par' dir='ltr' id='par_1_14' title="bbox 417 4356 1678 4483">
     <span class='ocr_line' id='line_1_37' title="bbox 449 4356 1678 4430; baseline -0.002 -23"><span class='ocrx_word' id='word_1_294' title='bbox 449 4356 536 4408; x_wconf 68' lang='grc' dir='ltr'>οΑηῐ.</span> <span class='ocrx_word' id='word_1_295' title='bbox 562 4361 595 4406; x_wconf 82' lang='lat' dir='ltr'>ln</span> <span class='ocrx_word' id='word_1_296' title='bbox 607 4358 796 4416; x_wconf 74' lang='lat' dir='ltr'>regeneratione,</span> <span class='ocrx_word' id='word_1_297' title='bbox 818 4357 892 4405; x_wconf 83' lang='lat' dir='ltr'>Brcv.</span> <span class='ocrx_word' id='word_1_298' title='bbox 915 4359 973 4405; x_wconf 82' lang='lat' dir='ltr'>Sur.</span> <span class='ocrx_word' id='word_1_299' title='bbox 996 4357 1023 4418; x_wconf 90' lang='lat' dir='ltr'>ii,</span> <span class='ocrx_word' id='word_1_300' title='bbox 1046 4369 1102 4421; x_wconf 87' lang='lat'>371.</span> <span class='ocrx_word' id='word_1_301' title='bbox 1138 4362 1198 4412; x_wconf 75' lang='lat' dir='ltr'>Ant.</span> <span class='ocrx_word' id='word_1_302' title='bbox 1218 4363 1332 4428; x_wconf 77' lang='lat' dir='ltr'>Ingresso</span> <span class='ocrx_word' id='word_1_303' title='bbox 1349 4367 1488 4430; x_wconf 48' lang='lat' dir='ltr'>lachana,</span> <span class='ocrx_word' id='word_1_304' title='bbox 1505 4369 1552 4419; x_wconf 85' lang='lat' dir='ltr'>iii.</span> <span class='ocrx_word' id='word_1_305' title='bbox 1632 4370 1678 4418; x_wconf 78' lang='lat'>339.</span> 
     </span>
     <span class='ocr_line' id='line_1_38' title="bbox 417 4421 1003 4483; baseline 0 -12"><span class='ocrx_word' id='word_1_306' title='bbox 417 4425 448 4472; x_wconf 86' lang='lat' dir='ltr'>V.</span> <span class='ocrx_word' id='word_1_307' title='bbox 465 4425 527 4471; x_wconf 81' lang='lat' dir='ltr'>Fuit</span> <span class='ocrx_word' id='word_1_308' title='bbox 538 4424 615 4479; x_wconf 81' lang='lat' dir='ltr'>homo,</span> <span class='ocrx_word' id='word_1_309' title='bbox 629 4421 663 4469; x_wconf 92' lang='lat' dir='ltr'>iii.</span> <span class='ocrx_word' id='word_1_310' title='bbox 679 4421 732 4483; x_wconf 79' lang='lat'>338.</span> <span class='ocrx_word' id='word_1_311' title='bbox 769 4423 829 4470; x_wconf 83' lang='lat' dir='ltr'>Ant.</span> <span class='ocrx_word' id='word_1_312' title='bbox 845 4423 950 4469; x_wconf 79' lang='lat' dir='ltr'>Factum</span> <span class='ocrx_word' id='word_1_313' title='bbox 962 4430 1003 4472; x_wconf 84' lang='lat' dir='ltr'>est.</span> 
     </span>
    </p>

    <p class='ocr_par' dir='ltr' id='par_1_15' title="bbox 449 4486 978 4544">
     <span class='ocr_line' id='line_1_39' title="bbox 449 4486 978 4544; baseline -0.002 -8"><span class='ocrx_word' id='word_1_314' title='bbox 449 4488 458 4517; x_wconf 83' lang='lat'>⁷</span> <span class='ocrx_word' id='word_1_315' title='bbox 475 4504 530 4536; x_wconf 93' lang='lat' dir='ltr'>cum</span> <span class='ocrx_word' id='word_1_316' title='bbox 542 4487 656 4536; x_wconf 88' lang='lat' dir='ltr'>oracione</span> <span class='ocrx_word' id='word_1_317' title='bbox 665 4487 707 4544; x_wconf 78' lang='lat' dir='ltr'>sor</span> <span class='ocrx_word' id='word_1_318' title='bbox 716 4503 772 4534; x_wconf 91' lang='lat' dir='ltr'>cum</span> <span class='ocrx_word' id='word_1_319' title='bbox 785 4486 919 4534; x_wconf 81' lang='lat' dir='ltr'>memorIa:</span> <span class='ocrx_word' id='word_1_320' title='bbox 938 4487 978 4536; x_wconf 82' lang='lat'>88.</span> 
     </span>
    </p>

    <p class='ocr_par' dir='ltr' id='par_1_16' title="bbox 449 4551 862 4602">
     <span class='ocr_line' id='line_1_40' title="bbox 449 4551 862 4602; baseline -0.01 0"><span class='ocrx_word' id='word_1_321' title='bbox 449 4551 459 4579; x_wconf 75' lang='lat'>&#39;¹</span> <span class='ocrx_word' id='word_1_322' title='bbox 476 4554 521 4602; x_wconf 84' lang='lat' dir='ltr'>SS.</span> <span class='ocrx_word' id='word_1_323' title='bbox 537 4554 654 4601; x_wconf 87' lang='lat' dir='ltr'>I&#39;rocesso</span> <span class='ocrx_word' id='word_1_324' title='bbox 666 4560 690 4598; x_wconf 91' lang='lat' dir='ltr'>et</span> <span class='ocrx_word' id='word_1_325' title='bbox 703 4551 862 4599; x_wconf 84' lang='lat' dir='ltr'>Martiniano.</span> 
     </span>
    </p>

    <p class='ocr_par' dir='ltr' id='par_1_17' title="bbox 411 4613 1685 4795">
     <span class='ocr_line' id='line_1_41' title="bbox 448 4613 1685 4694; baseline 0.004 -30"><span class='ocrx_word' id='word_1_326' title='bbox 448 4616 458 4646; x_wconf 68' lang='lat'>‘³</span> <span class='ocrx_word' id='word_1_327' title='bbox 475 4618 520 4665; x_wconf 89' lang='lat' dir='ltr'>nisi</span> <span class='ocrx_word' id='word_1_328' title='bbox 537 4618 620 4679; x_wconf 78' lang='lat' dir='ltr'>aliqua</span> <span class='ocrx_word' id='word_1_329' title='bbox 637 4616 762 4663; x_wconf 86' lang='lat' dir='ltr'>dominica</span> <span class='ocrx_word' id='word_1_330' title='bbox 777 4615 852 4663; x_wconf 82' lang='lat' dir='ltr'>debet</span> <span class='ocrx_word' id='word_1_331' title='bbox 868 4614 979 4665; x_wconf 83' lang='lat' dir='ltr'>differri:</span> <span class='ocrx_word' id='word_1_332' title='bbox 997 4627 1056 4667; x_wconf 88' lang='lat' dir='ltr'>tunc</span> <span class='ocrx_word' id='word_1_333' title='bbox 1072 4617 1133 4667; x_wconf 91' lang='lat' dir='ltr'>nihil</span> <span class='ocrx_word' id='word_1_334' title='bbox 1145 4620 1177 4669; x_wconf 90' lang='lat' dir='ltr'>de</span> <span class='ocrx_word' id='word_1_335' title='bbox 1189 4621 1324 4684; x_wconf 70' lang='lat' dir='ltr'>dominica,</span> <span class='ocrx_word' id='word_1_336' title='bbox 1338 4641 1421 4694; x_wconf 85' lang='lat' dir='ltr'>neque</span> <span class='ocrx_word' id='word_1_337' title='bbox 1433 4628 1465 4679; x_wconf 86' lang='lat' dir='ltr'>de</span> <span class='ocrx_word' id='word_1_338' title='bbox 1485 4613 1610 4680; x_wconf 74' lang='lat' dir='ltr'>Trini</span> <span class='ocrx_word' id='word_1_339' title='bbox 1622 4618 1685 4669; x_wconf 70' lang='lat'>²³¹⁰»</span> 
     </span>
     <span class='ocr_line' id='line_1_42' title="bbox 411 4679 847 4795; baseline -0.009 -64"><span class='ocrx_word' id='word_1_340' title='bbox 411 4698 466 4775; x_wconf 58' lang='lat' dir='ltr'>vnelco</span> <span class='ocrx_word' id='word_1_341' title='bbox 474 4681 685 4795; x_wconf 44' lang='grc' dir='ltr'>[ξοςῑεῑίἓῃὶεαιίἅ.</span> <span class='ocrx_word' id='word_1_342' title='bbox 700 4690 740 4740; x_wconf 84' lang='grc'>97,</span> <span class='ocrx_word' id='word_1_343' title='bbox 753 4692 795 4739; x_wconf 89' lang='lat'>01,</span> <span class='ocrx_word' id='word_1_344' title='bbox 808 4679 847 4728; x_wconf 86' lang='lat'>08.</span> 
     </span>
    </p>

    <p class='ocr_par' dir='ltr' id='par_1_18' title="bbox 506 4763 643 4795">
     <span class='ocr_line' id='line_1_43' title="bbox 506 4763 643 4795; baseline -0.022 0"><span class='ocrx_word' id='word_1_345' title='bbox 506 4763 580 4795; x_wconf 83' lang='lat' dir='ltr'>israr</span> <span class='ocrx_word' id='word_1_346' title='bbox 637 4780 643 4792; x_wconf 85' lang='lat'>.</span> 
     </span>
    </p>
   </div>
   <div class='ocr_carea' id='block_1_11' title="bbox 0 0 1922 5734">
    <p class='ocr_par' dir='ltr' id='par_1_19' title="bbox 0 0 1922 5734">
     <span class='ocr_line' id='line_1_44' title="bbox 0 0 1922 5734; baseline 0 3"><span class='ocrx_word' id='word_1_347' title='bbox 0 0 1922 5734; x_wconf 95' lang='lat' dir='ltr'> </span> 
     </span>
    </p>
   </div>
  </div>
 </body>
</html>
