3834 5734
702 869 865 956 [Uettium
884 873 915 939 C.
962 873 1040 936 xvii.
1057 871 1114 955 xij.
1132 875 1175 939 ix.
1191 874 1232 956 vj.
1250 874 1293 957 i.]¹

441 1011 594 1094 [Epacte,
620 1025 669 1091 25,
694 1013 743 1085 26,
769 1013 819 1089 28,
843 1027 891 1089 29,
913 1028 938 1087 1,
960 1011 1039 1091 stylo
1061 1013 1195 1093 antiquo
1205 1038 1220 1088 ,·
1245 1029 1315 1092 3-9,
1338 1013 1418 1092 stylo
1446 1011 1606 1075 neodemo.

399 1098 534 1175 Pascha,
552 1099 649 1180 April
665 1098 732 1181 ‚xil

440 1241 475 1311 (Ι
498 1235 521 1318 [i
538 1235 624 1318 .viii]
668 1235 779 1298 'Feria
794 1257 831 1299 .v.
848 1236 881 1297 in
905 1236 1050 1299 crastino
1073 1245 1191 1299 octaue
1217 1236 1414 1318 Epiphanie,
1431 1238 1473 1299 de
1486 1245 1606 1300 sancto

399 1323 509 1385 Felice
526 1332 680 1403 martyre,
700 1323 934 1386 Inuitatorium
948 1324 1101 1405 simplex.
1115 1334 1181 1386 tres
1194 1324 1359 1387 lectiones.
1407 1324 1605 1406 Capitulum

399 1409 517 1473 Omnis
523 1411 680 1491 pontifex.
726 1409 783 1472 Ad
800 1410 934 1472 missam
952 1412 1108 1473 dicuntur
1123 1412 1271 1493 quinque
1286 1411 1446 1473 collecte.l

439 1528 474 1598 (Ι
498 1524 594 1586 Feria
609 1523 657 1586 .vi.
674 1522 716 1585 de
733 1521 817 1585 sesto
833 1521 904 1593 loci,
921 1531 954 1585 et
972 1523 1131 1586 memoria
1147 1524 1190 1586 de
1205 1535 1322 1587 sancto
1340 1523 1466 1587 Mauro

439 1640 474 1710 (Ι
497 1633 657 1711 Sabbato,
673 1635 716 1697 de
731 1644 848 1697 sancta
865 1633 994 1697 Maria*

439 1752 472 1822 (Ι
496 1746 564 1809 Vbi
589 1746 673 1809 fiunt
697 1757 763 1809 tres
788 1747 1132 1822 commemorationes,
1149 1748 1181 1809 in
1198 1769 1235 1811 .v.
1253 1747 1333 1810 feria
1360 1746 1417 1810 fiat
1434 1768 1499 1810 vna
1515 1767 1608 1809 com-

396 1834 602 1907 memoratio,
630 1843 663 1896 et
689 1834 849 1895 memoria
874 1835 916 1895 de
946 1845 1063 1897 sancto
1088 1833 1205 1897 Felice.
1265 1835 1323 1898 Ad
1349 1835 1605 1916 completorium

396 1922 525 1985 dicatur
541 1920 690 2003 psalmus
705 1920 767 1982 Ad
778 1929 809 1982 te
821 1920 939 1984 leuaui.

571 2038 606 2108 (Ι
630 2032 810 2095 Dominica
848 2033 874 2095 .i.
914 2043 991 2114 post
1025 2018 1163 2095 octauas¹
1209 2033 1405 2115 Epiphanie.
1474 2033 1607 2096 Littera

395 2081 528 2155 μω]
573 2120 796 2183 dominicalis⁵
837 2119 879 2192 C„
918 2130 1017 2182 sexto
1049 2121 1180 2182 decimo
1218 2120 1379 2183 kalendas
1423 2121 1606 2196 Februarii,

396 2205 571 2271 inchoetur
608 2207 745 2269 historia
776 2206 917 2269 Domine
950 2228 990 2268 ne
1021 2207 1057 2268 in
1088 2207 1148 2270 ira.
1218 2208 1332 2270 Medie
1363 2207 1532 2284 lectiones,
1563 2207 1608 2270 de

395 2302 513 2357 sancto
530 2292 682 2375 Sulpitio
730 2294 768 2356 ln
787 2294 939 2356 laudibus
955 2314 1072 2356 omnes
1088 2293 1270 2376 antiphone
1286 2295 1448 2358 dicuntur.

385 2467 388 2475 ,
439 2411 474 2481 (Ι
497 2406 594 2468 Feria
610 2405 649 2470 .ii.
666 2405 708 2468 de
724 2405 810 2468 sesto
826 2405 887 2467 loci
911 2456 918 2469 .
943 2415 978 2468 et
994 2405 1155 2468 memoria
1170 2406 1212 2469 de
1229 2407 1376 2488 virgine.⁰

438 2524 473 2594 (Ι
497 2518 594 2580 Feria
609 2518 660 2580 iii.
677 2518 719 2580 de
734 2527 851 2580 sancto
867 2517 1056 2594 Wulstano,
1073 2518 1117 2581 ix.
1135 2518 1293 2581 lectiones
1309 2520 1351 2581 de
1367 2519 1546 2583 communi.

396 2716 589 2800 Capitulum
606 2715 773 2779 Iustorum
788 2717 903 2779 anime.

400 2829 593 2998 cssfiFberia
623 2849 660 2893 .v.
691 2828 734 2891 de
771 2839 887 2891 sancta
925 2827 1070 2911 Agnete,
1101 2829 1145 2891 ix.
1178 2830 1343 2893 lectiones.
1409 2829 1607 2912 Capitulum

425 2938 465 2978 on
492 2926 583 2978 teor.

439 3034 474 3104 (Ι
498 3028 595 3091 Feria
611 3028 659 3091 .vi.
676 3028 719 3090 de
735 3039 851 3091 saneto
867 3028 1056 3103 Vincentio,
1073 3047 1193 3090 nouem
1213 3028 1379 3093 lectiones.

441 3147 474 3217 (Ι
498 3140 659 3215 Sabbato,
676 3141 717 3202 de
733 3151 848 3202 sancta
867 3140 982 3203 Maria.

575 3258 608 3328 (Ι
633 3253 812 3315 Dominica
838 3253 887 3325 .ii.,
911 3262 984 3314 tota
1009 3262 1160 3315 cantetur
1187 3252 1330 3316 historia.
1389 3254 1426 3315 ln
1453 3253 1611 3318 laudibus

576 3361 641 3402 vna
657 3340 849 3421 antiphona.

442 3456 476 3526 (Ι
499 3452 596 3514 Feria
612 3453 651 3515 ii.
668 3452 711 3514 de
726 3460 843 3514 sancto
856 3451 968 3528 Paulo,
985 3451 1219 3514 Inuitatorium
1237 3452 1370 3533 triplex,
1384 3453 1428 3515 ix.
1440 3452 1612 3517 lectiones.

443 3569 476 3638 (Ι
501 3564 597 3626 Feria
612 3564 663 3627 iii.
680 3565 722 3626 de
739 3563 824 3626 sesto
840 3563 911 3626 loci.

444 3681 478 3750 (Ι
503 3677 598 3739 Feria
624 3677 685 3739 iiii.
712 3677 754 3738 de
780 3687 897 3738 sancto
934 3676 1072 3740 Iuliano.
1129 3676 1320 3759 Capitulum
1349 3676 1429 3740 Ecce
1457 3678 1615 3742 sacerdos.

405 3763 637 3825 Inuitatorium
654 3763 790 3844 duplex,
807 3773 873 3825 tres
890 3763 1055 3828 lectiones.

445 3880 478 3949 (Ι
503 3875 600 3937 Feria
615 3897 652 3938 .v.
669 3876 711 3936 de
727 3885 842 3937 sancta
859 3875 1002 3956 Agnete,
1020 3876 1174 3939 secundo
1224 3878 1456 3941 Inuitatorium
1474 3878 1616 3959 duplex,

402 3970 469 4025 tres
486 3962 652 4025 lectiones,
698 3962 890 4044 Capitulum
908 3962 1049 4024 Domine
1064 3963 1155 4025 Deus
1171 3985 1265 4028 meus.

446 4076 664 4151 [Feriam.
688 4077 730 4137 de
754 4074 854 4137 seria!
902 4075 1126 4156 Responsoria
1154 4076 1238 4138 illius
1266 4077 1352 4140 ferie.
1401 4078 1555 4159 Epistola
1580 4088 1616 4141 et

403 4162 613 4244 euangelium
631 4163 813 4224 decadem.

398 3305 461 3373 lan·
476 3301 530 3372 24]

436 4313 444 4344 ¹
463 4314 504 4363 No
514 4315 620 4375 heading¹
633 4315 689 4362 llere
701 4316 729 4361 in
742 4326 780 4377 95.
818 4316 861 4362 See
868 4315 1004 4376 preceding
1008 4323 1077 4378 page.

435 4379 446 4409 Ἰ
468 4381 517 4428 The
528 4381 628 4444 chapter·
639 4382 667 4427 in
680 4393 710 4440 97
723 4382 776 4428 and
784 4393 813 4428 01
828 4397 973 4427 (viennenses
984 4381 1044 4427 unilt
1056 4381 1095 4428 ileu
1099 4382 1232 4444 following
1246 4391 1299 4430 nore
1308 4398 1350 4431 :—

470 4447 538 4494 Nota
556 4446 622 4509 qrrod
640 4445 741 4508 quando
753 4447 812 4493 luna
824 4445 897 4493 currit
910 4460 953 4508 per
966 4446 997 4508 vj.
1013 4456 1037 4493 et
1050 4447 1131 4494 littera
1143 4447 1301 4496 dominicalis
1316 4451 1354 4506 tt,
1368 4458 1391 4496 et
1405 4447 1429 4494 in
1441 4447 1530 4496 eodem
1543 4464 1616 4498 anno

534 4511 605 4559 suerit
618 4511 737 4567 bisextus,
751 4521 808 4559 tunc
818 4510 953 4574 accipietur
965 4525 981 4569 4
996 4512 1022 4558 C.

436 4575 446 4604 ³
464 4577 589 4626 Collectae
602 4576 633 4623 (le
646 4577 671 4624 S.
689 4576 780 4633 Felice,
795 4577 823 4623 B.
840 4575 929 4632 Maria,
944 4576 1068 4624 Omnibus
1080 4575 1186 4634 sanctis,
1201 4577 1313 4633 ecclesia,
1328 4586 1350 4624 et
1365 4594 1410 4641 pro
1422 4593 1491 4641 pace.

437 4641 447 4670 ⁴
463 4652 487 4690 et
501 4642 620 4690 memoria
633 4641 663 4690 de
677 4642 755 4691 sesto:
773 4643 829 4689 add.
844 4641 885 4700 87,
896 4639 935 4688 88.
1070 4639 1080 4669 ³
1097 4641 1256 4691 dominicali:
1275 4641 1316 4702 87,
1329 4641 1368 4690 88.

435 4705 447 4735 ὃ
464 4710 489 4756 S.
506 4707 595 4755 l'risca.
1074 4705 1084 4736 ⁷
1101 4706 1184 4756 seriis:
1203 4719 1243 4768 97,
1256 4721 1295 4756 01.
