3834 5734
371 716 592 777 [ORDINALE
613 720 746 769 SARVM
763 720 852 769 SIVE
874 721 1147 771 DIRECTORIVM
1164 722 1442 784 SACERDOTVM.]
1499 735 1513 784 3

654 1458 701 1540 [11
718 1458 1149 1523 ΑΝιῙκιΑῐωιῑκτΕΝυυΜ,ιι

332 1609 445 1746 Liber
459 1642 597 1705 presens
614 1617 802 1688 offortorium
825 1622 1022 1699 scottorum,
1038 1643 1137 1705 quem
1162 1624 1227 1708 pita
1251 1621 1380 1699 {atum
1404 1623 1505 1707 vulgo

392 1712 508 1772 vocitat
531 1709 645 1772 clerus
669 1729 871 1791 quamquam
890 1712 950 1772 istc
968 1711 1114 1791 pluribus
1131 1712 1257 1772 vicibus
1273 1713 1359 1774 intra
1375 1722 1504 1773 nostras

332 1796 409 1872 atque
437 1797 675 1859 transmarinas
705 1806 808 1858 terras
846 1799 1026 1878 impressus
1056 1818 1093 1858 ac
1132 1800 1336 1879 compositus
1371 1799 1504 1873 existat,

333 1888 468 1963 nllsquam
502 1895 613 1946 tamen
637 1885 819 1946 secundum
843 1904 955 1946 verum
989 1884 1107 1947 Sarum
1132 1885 1280 1946 ordinale
1303 1885 1504 1948 cancellatus

328 1975 372 2025 Seu
397 1982 559 2033 correctus
589 1969 685 2033 fucrit
720 1992 780 2032 nec
815 1971 1013 2033 enucleatus.
1074 1972 1142 2036 Sed
1175 1975 1252 2054 quia
1282 1994 1366 2035 onus
1389 1984 1506 2052 pastor

322 2052 441 2121 ecclesie
467 2069 501 2120 ct
528 2079 629 2120 rmum
659 2059 742 2120 out'lc
767 2061 836 2134 cst,¹
868 2060 929 2121 erit
962 2060 1073 2140 itaque
1101 2059 1223 2135 ouium,
1247 2059 1323 2121 cleri
1350 2060 1503 2121 videlicet

316 2127 436 2230 Sarum,
451 2166 534 2208 vnus
550 2147 708 2207 canonice
727 2146 885 2208 orationis
905 2147 996 2208 ordo.
1014 2167 1055 2208 ne
1075 2147 1251 2228 quisquam
1274 2147 1377 2229 (quod
1402 2147 1503 2227 absit)

306 2216 402 2300 dicat·
419 2233 550 2295 Ermui
561 2232 644 2293 sicut
658 2234 728 2296 ouis
743 2254 803 2312 que
810 2233 919 2312 periit,
937 2233 995 2294 &c
1008 2236 1028 2295 :²

344 2309 438 2382 Hinc
476 2330 534 2395 cst,
573 2321 776 2383 venerabiles
814 2330 914 2401 atque
952 2320 1161 2382 honorabiles
1199 2322 1326 2383 domini
1364 2321 1503 2383 lectores

289 2405 518 2479 presentium,
541 2407 631 2488 quod
653 2428 712 2468 vos
738 2427 803 2468 non
830 2409 980 2490 ignorare
1000 2408 1098 2489 cupio
1120 2410 1234 2490 quam³
1255 2418 1390 2490 propter
1406 2409 1447 2481 id,
1470 2418 1504 2470 ct

285 2469 431 2555 bonum
451 2494 670 2557 rrcccssitatis⁴
694 2513 880 2569 commune,
900 2505 933 2556 ct
956 2504 992 2556 vt
1013 2498 1192 2558 concordet
1212 2494 1404 2577 psalterium
1429 2516 1503 2557 cum

277 2571 443 2644 cythara
474 2584 506 2643 in
537 2590 654 2643 sancta
692 2590 805 2642 nostra
842 2581 981 2643 ecclesia
1018 2581 1095 2643 cleri
1134 2583 1263 2657 Sarum,
1304 2582 1503 2646 Ucncrarrda

272 2662 501 2751 se{npcrquc
540 2669 710 2731 laudanda
740 2668 840 2731 studii
873 2668 1121 2749 disciplinarum
1154 2669 1347 2731 vniversitas
1382 2671 1504 2732 Canta-

270 2727 477 2827 bl’¹gicnsis
520 2756 583 2818 hoc
628 2775 712 2817 onus
758 2754 880 2817 laboris
918 2756 1106 2818 huiusmodi
1153 2757 1363 2818 correctionis
1405 2767 1504 2838 atquc

267 2835 550 2905 cancollationis
578 2862 636 2904 scu
667 2840 946 2905 collationationis
977 2842 1135 2905 ordinalis
1169 2845 1286 2906 Sarum
1319 2846 1505 2906 necessario

267 2899 486 2992 fier¹damm
528 2929 720 3007 Ucnerabili
759 2930 828 2991 viro
863 2931 1023 3011 magistro
1062 2929 1188 3006 Clerke,
1219 2932 1348 3014 collegii
1387 2930 1504 3014 regalis

269 3007 441 3095 cantori,
456 3017 597 3080 credidit
614 3028 714 3097 atquc
730 3018 905 3079 commisit.

326 3091 415 3178 Qui
432 3105 568 3187 quidem
586 3107 744 3185 magister
760 3103 879 3167 Cierke
895 3104 1085 3166 huiusmodi
1110 3125 1194 3167 onus
1219 3105 1428 3167 correctionis
1445 3125 1504 3166 sua

272 3181 424 3254 Sponte
454 3202 589 3275 propter
612 3211 746 3253 causam
772 3191 953 3273 predictam
978 3192 1122 3273 suscepit
1147 3193 1337 3253 emendauit
1360 3193 1505 3254 correxit

278 3267 407 3349 atque
422 3279 606 3342 secundum
624 3300 736 3341 verum
753 3278 902 3341 ordinale
919 3278 1038 3342 Sarum
1057 3278 1292 3341 collationauit.

338 3354 490 3448 lnsuper
508 3367 651 3429 honesto
671 3366 815 3428 Ricardo
841 3367 974 3448 Pynson
1000 3365 1109 3427 extra⁵
1129 3366 1259 3428 barram
1284 3366 1361 3428 noui
1387 3365 1503 3447 templi

289 3422 555 3516 [ondoniarum
574 3454 715 3515 moranti
737 3453 779 3515 ad
802 3449 1169 3534 imprimendum'dedit
1185 3462 1286 3534 atque
1302 3451 1385 3514 finiri
1402 3453 1503 3516 iussit.

303 3517 412 3602 Anno
436 3540 553 3604 salutis
579 3549 691 3602 nostre
718 3539 904 3602 Millcsimo
921 3561 1004 3602 cccc.
1024 3540 1148 3621 xcviii]

375 4079 384 4103 ³
400 4074 453 4124 The
465 4082 582 4124 contents
593 4073 623 4122 os
637 4073 686 4122 this
697 4088 760 4137 page
772 4088 814 4121 are
827 4072 901 4120 taken
914 4071 977 4120 stom
989 4080 1028 4132 97.
1064 4070 1136 4134 They
1146 4086 1188 4118 arc
1200 4077 1244 4120 not
1255 4069 1281 4119 in
1292 4069 1332 4132 87,
1346 4070 1386 4130 88,
1399 4084 1440 4137 95.

375 4159 430 4215 Ἢ.
443 4165 502 4229 Joh.
516 4181 540 4213 x.
558 4162 595 4213 16.
1001 4159 1011 4190 ⁵
1028 4160 1092 4209 intra
1110 4161 1223 4209 barram:
1241 4173 1281 4210 01.
1301 4162 1365 4211 circa
1380 4163 1435 4212 bar·

375 4226 431 4280 ²Cs.
447 4231 487 4279 Ps.
501 4229 577 4279 cxviii
589 4227 667 4288 (cxix)
681 4226 734 4290 176.
1058 4242 1129 4275 ram:
1143 4238 1183 4288 03.
1201 4226 1276 4290 Apud
1289 4227 1436 4278 Fletcstretc

373 4293 382 4325 ⁸
394 4296 457 4360 quod
470 4314 476 4344 z
493 4308 534 4358 03.
549 4294 591 4345 08.
1056 4290 1179 4340 Londoir:
1197 4290 1237 4340 08.

374 4360 527 4411 ‘necessitas
537 4358 578 4421 98.
594 4358 747 4410 necessaria:
765 4356 804 4407 08.
1000 4353 1122 4406 “ccccciz
1140 4368 1180 4405 01.
