3834 5734
413 696 459 760 158
719 693 994 743 DIRECTORIUM
1011 693 1055 743 SA
1061 693 1276 744 CERDOTUM.

456 854 490 923 (Ι
513 847 609 910 Feria
631 868 668 909 .v.
696 847 815 908 dicitur
838 856 994 909 octauum
1020 846 1281 928 Responsorium
1307 847 1443 911 historie
1473 847 1616 911 domini-

413 936 502 1012 calis,
518 954 593 997 cum
610 933 740 996 duobus
757 932 931 995 ferialibus.

413 1083 493 1155 April
508 1079 560 1153 ια]
587 1078 621 1147 (Ι
644 1070 822 1134 Dominica
838 1071 869 1132 in
884 1070 984 1132 ramis
1001 1069 1201 1148 Palmarum,
1215 1080 1287 1136 tota
1303 1081 1455 1136 cantetur
1470 1073 1616 1135 historia.

457 1217 491 1286 (Ι
514 1209 613 1273 Feria
628 1207 676 1284 .ii.,
692 1217 726 1270 et
741 1207 857 1269 ceteris
874 1206 962 1270 seriis
979 1228 1037 1289 per
1053 1207 1309 1284 hebdomadam,
1325 1209 1367 1271 de
1383 1209 1514 1273 ieiunio

456 1354 490 1423 (Ι
513 1345 610 1409 Feria
635 1366 674 1407 .v.
701 1345 762 1407 erit
789 1344 948 1406 memoria
979 1344 1021 1406 ad
1051 1365 1204 1427 vesperas
1231 1355 1264 1409 et
1297 1346 1339 1408 ad
1367 1348 1549 1409 matutinas
1574 1347 1616 1409 de

416 1432 616 1516 martyribus
632 1430 798 1513 Tyburtio
813 1439 847 1493 et
863 1430 1045 1493 Valeriano
1060 1431 1092 1493 in
1109 1432 1248 1494 seruicia
1263 1432 1360 1496 beate
1375 1434 1519 1516 virginis.

458 1578 492 1647 (Ι
515 1567 611 1633 Feria
633 1567 683 1630 .iii.
707 1568 860 1630 dicantur
884 1567 1040 1648 Exequie
1064 1567 1283 1645 Mortuorum,
1305 1589 1380 1632 cum
1397 1571 1451 1633 ix.
1468 1569 1615 1633 lectioni·

416 1661 486 1724 bus.
532 1656 699 1737 Deinceps
716 1656 863 1736 vespere¹
880 1673 946 1715 non
964 1653 1133 1717 dicuntur²
1147 1675 1251 1737 vsque
1267 1666 1343 1738 post
1359 1657 1567 1720 Trinitatem.

590 1798 624 1867 (Ι
649 1792 688 1854 ln
713 1790 768 1854 die
793 1791 904 1868 Pasce,
931 1800 965 1854 et
989 1811 1048 1872 per
1071 1790 1329 1869 hebdomadam,
1352 1793 1394 1855 de
1418 1794 1616 1857 solennitate

415 1845 495 1916 April
510 1842 562 1915 η’]
590 1878 673 1942 sesti.

459 2023 493 2093 (Ι
516 2015 682 2081 Omnibus
698 2014 874 2077 dominicis
890 2033 995 2096 vsque
1021 2015 1063 2077 ad
1082 2015 1336 2094 Ascensionem,
1351 2018 1393 2080 de
1417 2036 1617 2099 quocunque

418 2103 476 2168 fiat
491 2103 676 2180 seruicium,
691 2102 734 2165 ad
750 2111 906 2182 vtrasque
928 2122 1083 2183 vesperas
1098 2111 1133 2164 et
1148 2103 1191 2165 ad
1208 2105 1389 2167 matutinas
1401 2103 1458 2167 fiat
1470 2105 1617 2167 solennis

416 2190 574 2255 memoria
590 2190 632 2252 de
647 2188 833 2253 dominica:
855 2189 914 2251 sed
931 2208 1102 2271 nunquam
1118 2189 1161 2251 ad
1178 2190 1322 2252 missam.

460 2333 494 2402 (Ι
516 2325 683 2391 Omnibus
713 2326 814 2389 etiam
852 2325 943 2388 sestis
981 2335 1170 2389 sanctorum
1205 2346 1281 2390 curn
1320 2327 1480 2411 regimine
1517 2327 1618 2405 chori,

417 2434 521 2497 vsque
536 2413 578 2476 ad
593 2412 740 2494 vigiliam
768 2411 985 2476 Ascensionis
1008 2412 1187 2488 exclusiue,
1215 2412 1272 2477 fiat
1294 2414 1439 2481 solennis
1457 2415 1617 2477 memoria

417 2501 460 2564 de
476 2500 721 2572 resurrectione,
746 2499 789 2562 ad
817 2519 972 2581 vesperas
987 2501 1034 2562 et³
1062 2500 1244 2564 matutinas
1266 2510 1300 2564 et
1327 2501 1369 2563 ad
1393 2501 1537 2576 missam,
1555 2501 1616 2564 nisi

418 2589 451 2651 in
470 2587 666 2650 lnuentione
690 2584 814 2650 Sancte
837 2585 960 2663 Crucis,
977 2596 1011 2650 et
1037 2587 1070 2648 in
1087 2586 1237 2651 sabbatis
1253 2588 1295 2650 ad
1311 2608 1473 2671 vesperas.
1518 2589 1617 2651 Tunc

417 2675 504 2737 enim
521 2673 579 2737 fiat
595 2674 768 2756 processio

458 2816 492 2886 (Ι
516 2811 667 2873 Festum⁴
682 2809 788 2873 sancti
805 2809 938 2893 Georgii
955 2807 1126 2874 differatur
1141 2830 1246 2892 vsque
1268 2810 1301 2873 in
1326 2811 1389 2874 ‚iiii
1405 2811 1519 2873 seriam
1540 2819 1617 2893 post

414 2910 561 2961 octauas.

591 3021 625 3091 (Ι
648 3015 827 3079 Dominica
857 3015 905 3096 (in
943 3017 1053 3098 albis),
1084 3016 1191 3100 prima
1223 3027 1299 3100 post
1338 3018 1450 3094 Pasca,
1487 3018 1616 3101 duplex

591 3103 721 3178 festum,
737 3112 846 3166 totum
869 3104 912 3166 de
934 3104 1125 3167 dominicali
1140 3105 1267 3167 officio:
1290 3105 1450 3167 memoria
1464 3113 1499 3167 et
1514 3107 1618 3168 missa

415 3190 458 3253 de
473 3190 718 3254 resurrectione.
765 3191 841 3253 Non
858 3190 988 3253 dicatur
1003 3191 1100 3266 Deus,
1116 3191 1176 3272 qui
1187 3190 1343 3255 hodierna
1357 3191 1418 3268 die,
1434 3193 1493 3255 sed
1517 3192 1616 3268 Deus,

415 3279 474 3358 qui
478 3287 541 3358 per
555 3277 765 3358 artagenitum.
810 3276 959 3358 Vespere
974 3288 1070 3342 erunt
1082 3279 1125 3342 de
1140 3288 1255 3342 sancto
1267 3279 1390 3356 Marc0,
1405 3289 1439 3342 et
1455 3281 1617 3342 memoria

416 3363 458 3426 de
474 3363 649 3441 dominica,
664 3373 698 3427 et
713 3365 756 3427 de
772 3364 1015 3427 resurrectione.

416 3068 496 3138 April
509 3064 564 3136 24]

452 3505 486 3575 (Ι
509 3501 605 3563 Feria
621 3501 661 3563 .ii.
677 3500 718 3563 de
734 3512 851 3563 sancto
868 3500 994 3578 Marc0,
1013 3501 1153 3564 lnserius
1169 3502 1304 3585 duplex.

456 3641 490 3711 (Ι
514 3637 610 3699 Feria
632 3637 684 3699 .iii.
707 3638 749 3700 de
772 3637 861 3700 seria.
908 3637 1133 3720 Responsoria
1153 3640 1195 3702 de
1222 3641 1371 3703 secunda
1389 3640 1476 3716 seria,
1492 3639 1617 3704 scilicet

413 3723 547 3804 Dignus
560 3745 599 3787 es.
646 3725 750 3787 Missa
765 3724 982 3788 dominicalis.

458 3866 492 3936 (Ι
515 3861 611 3923 Feria
626 3861 689 3923 iiii.
705 3862 747 3924 de
762 3871 879 3925 sancto
896 3861 1052 3944 Georgio,
1069 3863 1179 3926 minus
1195 3864 1330 3947 duplex.

458 4002 492 4072 (Ι
515 3997 612 4060 Feria
626 4020 664 4060 .v.
680 4000 721 4061 de
737 4009 853 4063 sancto
868 3998 990 4076 Vitale,
1007 4000 1050 4064 iii.
1068 4000 1227 4065 lectiones
1242 4021 1317 4063 cum
1334 4000 1494 4084 regimine
1516 4001 1617 4064 chori.

415 4083 608 4167 Capitulum
624 4085 746 4148 Beatus
760 4087 822 4162 vir,
837 4085 898 4166 qui
910 4087 944 4148 ia
959 4088 1129 4169 sapientia.

456 4227 490 4296 (Ι
513 4221 610 4284 Feria
626 4223 674 4285 .vi.
690 4224 732 4285 de
749 4223 835 4286 sesto
851 4223 922 4286 loci.

446 4596 455 4628 ¹
472 4599 564 4648 cotidie
575 4600 677 4665 exequie
682 4601 729 4664 sar
738 4617 858 4666 vespere:
875 4601 916 4664 87,
934 4602 973 4653 88.
1172 4603 1328 4657 ²dicantur:
1346 4604 1385 4655 88.

445 4663 456 4694 ³
472 4673 512 4714 et:
529 4681 576 4713 aaa.
590 4664 631 4724 87,
645 4665 692 4715 88:
709 4667 794 4718 etad:
812 4679 853 4729 97,
865 4681 905 4718 01.

445 4728 456 4759 ⁴
472 4738 497 4778 et
508 4730 585 4794 desere
596 4731 714 4783 Festum:
731 4743 771 4794 97,
784 4745 824 4782 01.
