3834 5734
354 710 386 773 56
674 709 950 763 DIRECTORIUM
967 708 1234 761 SACERDOTUM.

355 949 377 1011 d
395 868 432 938 (Ι
440 863 550 1013 ,Εεῑίιει
564 863 604 927 .ἰὶ
621 863 664 926 de
680 862 776 927 seriis.
823 863 1049 948 Responsoria
1065 863 1108 925 de
1123 862 1242 926 eadem
1259 860 1347 939 feria,
1361 881 1431 925 cum
1444 861 1517 924 missa

380 969 524 1012 omrnrca
537 972 555 1012 1.

398 1075 432 1145 (Ι
456 1070 552 1132 Feria
567 1070 618 1133 .iii.
634 1071 676 1132 de
691 1080 808 1133 sancto
824 1069 1016 1147 Ambrosio,
1031 1069 1166 1132 inferius
1181 1069 1317 1152 duplex.
1361 1067 1518 1151 Capitulum

354 1155 434 1219 Ecce
447 1157 599 1220 sacerdos.
644 1157 821 1220 Lectiones
837 1156 990 1240 legantur
1004 1158 1047 1220 de
1063 1157 1274 1239 proprietate,
1286 1176 1352 1219 non
1369 1157 1408 1219 de
1422 1154 1522 1218 omelia
1600 1164 1603 1197 ³

396 1280 431 1350 (Ι
455 1276 550 1338 Feria
575 1276 638 1339 .iiii.
663 1277 705 1340 de
730 1276 827 1340 seriis.
876 1276 1137 1360 Responsorium
1156 1275 1304 1352 Locutus,
1327 1295 1399 1338 cum
1421 1273 1523 1338 duobus

355 1363 578 1443 sequentibus.

397 1487 431 1556 (Ι
455 1481 550 1544 Feria
565 1503 602 1544 .v.
617 1483 660 1546 de
676 1482 762 1546 sesto
777 1482 849 1548 loci.

397 1605 431 1675 (Ι
456 1601 550 1663 Feria
566 1602 614 1664 .vi.
631 1602 673 1664 de
688 1612 805 1666 sancto
820 1602 998 1684 Tyburcio.
1037 1601 1270 1664 Inuitatorium
1286 1600 1436 1682 duplex;
1455 1609 1485 1662 et
1496 1598 1532 1661 sic

356 1689 389 1750 in
405 1688 560 1750 omnibus
577 1685 678 1751 seriis¹
692 1689 763 1751 sine
779 1690 938 1772 regimine
953 1687 1054 1765 chori,
1068 1707 1173 1770 vsque
1188 1689 1230 1751 ad
1247 1697 1384 1752 octauas
1399 1685 1535 1770 Corporis

356 1773 487 1837 Christi.
532 1774 589 1839 Ad
607 1776 742 1838 missam
758 1777 941 1840 secundum
957 1775 1091 1838 alleluia
1106 1775 1167 1839 erit
1183 1776 1226 1838 de
1241 1775 1417 1838 dominica.

398 1899 432 1969 (Ι
455 1892 666 1971 Sabbato,dc
681 1905 798 1958 sancta
815 1896 931 1960 Maria.
976 1893 1034 1957 Ad
1050 1915 1205 1978 vesperas
1221 1893 1279 1957 fiat
1295 1894 1462 1977 processio
1476 1902 1542 1956 ante

355 2000 493 2044 crucem.
538 1981 604 2044 Vbi
628 1980 712 2046 fiunt
736 1991 803 2045 tres
825 1982 1169 2057 commemorationes,
1181 1983 1214 2044 in
1230 1982 1295 2044 iiii.
1312 1981 1392 2045 feria
1419 1980 1476 2044 fiat
1488 2001 1546 2044 vna

356 2070 638 2132 commemoratio.

355 2189 434 2261 April
450 2186 502 2259 16.]
537 2193 571 2263 (Ι
596 2187 774 2252 Dominica
789 2188 828 2251 .ii.
841 2199 917 2272 post
935 2190 1048 2265 Pasca,
1059 2191 1101 2253 de
1116 2188 1255 2252 seruicio
1270 2187 1472 2252 dominicali.

396 2313 432 2456 Ι(Ι
455 2307 483 2370 F
484 2307 552 2369 cria
567 2308 607 2370 ii.
622 2308 665 2370 de
680 2307 776 2370 feriis.
824 2308 1050 2392 Responsoria
1065 2309 1201 2392 Dtguus
1214 2329 1255 2372 es.
1300 2307 1407 2371 Missa
1418 2307 1554 2372 domini·

356 2414 395 2457 ca
409 2415 444 2456 rs.

398 2520 432 2589 (Ι
456 2514 552 2576 Feria
567 2514 618 2576 iii.
635 2514 677 2576 de
693 2514 778 2578 sesto
793 2515 865 2578 loci.

360 2719 476 2784 Omnis
482 2722 637 2801 pontifex.

401 2845 435 2914 (Ι
459 2841 553 2902 Feria
569 2863 606 2903 .v.
631 2840 674 2903 de
700 2840 796 2904 feriis.
842 2841 1069 2924 Responsoria
1092 2839 1135 2904 de
1162 2841 1276 2904 tercia²
1304 2839 1404 2904 seria:
1428 2841 1560 2917 scilicet,

359 2928 505 3003 Locutus,
521 2948 597 2990 cum
615 2929 716 2990 missa
731 2937 849 3010 quarte
864 2927 950 2991 serie.

402 3053 436 3122 (Ι
460 3047 556 3110 Feria
570 3048 620 3110 .vi.
637 3048 679 3111 de
695 3048 790 3112 feriis.
837 3048 1062 3130 Responsoria
1087 3049 1128 3111 de
1145 3049 1208 3111 iiii.
1225 3046 1315 3125 seria,
1332 3046 1460 3112 scilicet
1484 3049 1562 3113 Vidi

351 3144 492 3215 portam.
538 3134 691 3216 Epistola
706 3145 740 3199 et
755 3136 965 3219 euangelium
981 3135 1129 3198 eiusdem
1146 3135 1231 3198 serie.

405 3253 442 3336 [b
463 3253 540 3336 .vii]
594 3260 628 3329 (Ι
651 3253 801 3319 Sabbato
831 3256 874 3319 de
903 3265 1020 3319 sancta
1053 3256 1169 3318 Maria.
1227 3254 1285 3317 Ad
1316 3275 1473 3338 vesperas
1504 3256 1561 3320 fiat

361 3341 526 3422 processio
541 3351 619 3402 ante
642 3361 781 3404 crucem.
826 3343 891 3405 Vbi
917 3342 1001 3405 fiunt
1024 3351 1090 3405 tres
1114 3343 1459 3420 commemorationes,
1474 3343 1508 3405 in
1525 3365 1562 3406 .v.

364 3428 443 3492 seria
472 3427 530 3490 fiet
561 3447 626 3490 vna
656 3431 951 3493 commemoratio:
983 3438 1018 3491 et
1049 3438 1128 3492 tunc
1154 3431 1186 3491 in
1212 3429 1262 3492 .vi.
1289 3428 1369 3492 seria
1393 3430 1564 3494 dicuntur³

364 3515 590 3597 Responsoria
606 3515 647 3577 de
663 3516 765 3578 tercia
781 3516 869 3592 feria,
887 3516 1011 3579 scilicet
1026 3516 1175 3592 Locutus,
1191 3536 1266 3579 curn
1279 3516 1412 3579 duobus
1424 3537 1563 3599 sequen-

360 3602 458 3668 tibus

537 3726 571 3795 (Ι
594 3721 773 3784 Dominica
785 3723 837 3784 iii.
848 3733 923 3804 post
942 3723 1052 3798 Pasca,
1064 3723 1107 3785 de
1122 3734 1238 3786 sancto
1254 3722 1401 3807 Georgio
1415 3747 1423 3786 :
1439 3723 1560 3787 festum

538 3808 647 3871 minus
674 3808 819 3892 duplex:
843 3811 1003 3872 memoria
1027 3812 1068 3873 de
1089 3810 1256 3873 dominica
1279 3809 1471 3888 solenniter,
1485 3831 1560 3874 cum

361 3894 580 3972 processione.
649 3896 705 3958 Ad
744 3897 888 3973 missam,
925 3897 1108 3960 secundum
1146 3897 1278 3959 allatum
1315 3918 1383 3961 non
1420 3898 1482 3961 erit
1521 3899 1562 3961 de

362 3979 536 4058 dominica,
553 3982 611 4044 sed
629 3983 669 4045 dc
687 3984 931 4059 resurrectione,
947 3984 1031 4047 sicut
1047 3986 1079 4046 in
1096 3984 1169 4047 aliis
1186 3983 1284 4047 sestis.

361 3771 440 3840 April
453 3767 508 3841 25]

359 4106 437 4246 Β(
462 4101 557 4163 Feria
582 4103 621 4165 .ii.
647 4103 689 4165 de
719 4102 816 4167 feriis
870 4105 1095 4186 Responsoria
1122 4104 1306 4168 decadem
1331 4102 1561 4181 seria,scilicet

395 4208 492 4269 ugnus
506 4210 545 4250 es.

402 4312 436 4382 (Ι
461 4308 555 4370 Feria
571 4309 622 4372 .iii.
639 4310 681 4372 de
697 4320 813 4373 sancto
830 4310 953 4387 Marco,
970 4309 1104 4374 inferius
1119 4310 1255 4395 duplex.

357 4511 380 4574 I
402 4431 436 4501 (Ι
460 4427 555 4490 Feria
580 4429 642 4491 iiii.
671 4432 713 4492 de
738 4430 825 4494 feria.
882 4432 1106 4513 Responsoria
1130 4432 1172 4494 de
1197 4431 1298 4495 tercia
1323 4429 1412 4508 seria,
1437 4431 1558 4494 scilicet

371 4523 496 4576 ,ocutus
509 4525 562 4577 est.

390 4746 397 4776 ¹
416 4748 500 4798 sestis:
519 4749 559 4810 87,
573 4749 612 4799 88.
810 4751 821 4782 ²
837 4753 929 4804 tercia:
947 4771 993 4802 om.
1010 4753 1048 4802 88.
1172 4774 1176 4782 ¹
1193 4753 1203 4783 ³
1220 4754 1351 4804 dicantur:
1369 4753 1409 4803 88.
