3834 5734
350 669 383 733 98
675 667 951 719 DIRECTORIUM
967 666 1238 718 SACERDOTUM

354 821 552 887 memoratio
568 872 575 886 .
591 830 625 885 et
640 829 720 885 tunc
743 819 776 883 in
798 818 837 883 .ii.
857 818 938 883 seria
958 819 1092 883 dicitur¹
1106 818 1390 903 'Responsorium
1405 815 1552 881 Locutus¹

352 920 386 973 et
409 911 442 973 in
465 910 528 1033 iiii.
552 908 632 971 seria
654 907 808 971 dicuntur
831 907 1059 990 Responsoria
1076 907 1119 970 de
1136 906 1189 970 iii.
1206 905 1297 983 seria,
1313 904 1458 969 scilicet⁴
1479 903 1553 969 Vidi

345 1006 486 1079 portam.

526 1121 560 1191 Π
583 1114 761 1178 Dominica
785 1113 848 1176 iiii.
872 1121 949 1196 post
977 1114 1090 1189 Pasca,
1113 1113 1157 1176 de
1183 1112 1327 1177 seruicio
1355 1110 1553 1178 dominicali.

527 1201 682 1264 Tercium
696 1200 957 1284 Responsorium
970 1200 1133 1265 aduobus
1149 1210 1313 1267 cantetur.
1351 1200 1395 1264 In
1405 1199 1554 1263 laudibus

352 1308 418 1352 vna
433 1287 623 1369 antiphona

394 1413 428 1483 Π
451 1407 548 1471 Feria
584 1407 624 1471 ii.
661 1408 704 1471 de
741 1405 843 1472 feria„⁸
910 1407 1174 1490 Responsorium
1217 1407 1387 1472 Narrabo.
1455 1405 1556 1469 Missa

352 1494 567 1558 dominicalis.

396 1621 430 1691 Π
453 1616 482 1677 F
482 1614 551 1678 eria
566 1614 618 1678 iii.
634 1613 677 1678 de
693 1614 778 1678 sesto
793 1612 866 1678 loci.

353 1167 424 1235 May
435 1162 490 1234 η]

396 1741 430 1811 Π
454 1735 551 1798 Feria
576 1734 638 1797 iiii.
665 1733 708 1797 de
734 1733 838 1797 seria⁸
882 1734 1145 1816 Responsorium
1172 1733 1215 1797 de
1241 1734 1293 1798 iii.
1319 1733 1412 1811 seria,
1437 1733 1556 1798 scilicet

355 1822 534 1902 Hymnum.
581 1821 687 1884 Missa
702 1820 790 1884 illius
805 1819 892 1884 ferie.

397 1949 431 2019 Π
455 1943 552 2006 Feria
566 1963 603 2005 .v.
619 1941 662 2005 de
677 1950 794 2004 sancto
811 1939 980 2019 Aldelmo,
997 1950 1031 2005 et
1046 1941 1208 2005 memoria
1222 1941 1265 2005 de
1281 1951 1402 2005 sancto
1414 1941 1555 2005 Vrbano.

357 2029 414 2092 Ad
444 2049 599 2111 vesperas
629 2028 736 2091 sancti
765 2028 956 2110 Augustini,
980 2028 1140 2092 memoria
1170 2029 1213 2092 de
1239 2038 1358 2092 sancto
1389 2026 1554 2101 Aldelmo,

356 2115 540 2200 antiphona
554 2115 632 2178 Lux
637 2124 792 2197 perpetua
808 2114 937 2192 minor,⁷
952 2104 1133 2178 versiculus
1148 2114 1294 2179 Gaudete
1308 2116 1400 2178 iusti.

399 2242 433 2311 Π
457 2234 554 2298 Feria
584 2234 632 2298 .vi.
660 2233 705 2297 de
734 2242 851 2297 sancto
885 2231 1090 2315 Augustino,
1128 2233 1270 2297 inferius
1303 2232 1443 2316 duplex.
1503 2231 1557 2295 Ad

357 2323 518 2385 secundas
541 2340 705 2403 vesperas,
729 2320 913 2403 antiphona
936 2319 1008 2384 Sub
1028 2330 1121 2384 tuam
1145 2319 1337 2399 solenniter,
1350 2330 1386 2383 et
1403 2320 1557 2383 memoria

356 2409 398 2470 de
413 2408 657 2471 resurrectione.

399 2534 433 2604 Π
456 2527 615 2603 Sabbato,
636 2528 678 2590 de
697 2535 813 2590 sancta
841 2526 957 2604 Maria,
982 2526 1029 2590 Et
1053 2526 1112 2591 fiat
1140 2527 1308 2611 processio
1330 2528 1375 2590 ad
1398 2546 1557 2611 vesperas.

359 2701 577 2765 memoratio.⁹
629 2700 701 2764 ¹⁰Et
724 2709 804 2764 tunc
829 2700 861 2762 in
887 2701 1035 2764 secunda
1062 2699 1144 2764 feria
1169 2700 1383 2820 rogationum
1410 2701 1559 2766 dicuntur

360 2788 583 2870 Responsoria
598 2787 640 2849 de
657 2786 759 2850 tercia
774 2786 864 2864 feria,
879 2787 1006 2851 scilicet
1021 2786 1214 2868 Hymnum.¹

360 2961 391 3014 Μ
460 2959 476 3012 3
532 2914 566 2984 Π
589 2906 767 2971 Dominica
797 2929 833 2971 .v.
865 2916 942 2991 post
974 2908 1087 2985 Pasca,
1117 2908 1161 2972 de
1194 2908 1335 2972 seruicio
1360 2909 1557 2974 dominicali.

393 2974 457 3028 ψ
478 2955 498 3027 .]
534 2995 688 3057 Tercium
733 2995 995 3077 Responsorium
1033 3015 1054 3057 a
1105 2995 1237 3058 duobus
1290 3005 1455 3061 cantetur.
1522 2998 1557 3059 ln

359 3081 510 3144 laudibus
535 3101 652 3144 omnes
673 3081 856 3162 antiphone
880 3089 1065 3161 cantentur,
1087 3084 1248 3146 memoria
1271 3082 1315 3146 de
1339 3093 1459 3147 sancto
1483 3083 1558 3149 Ger·

360 3188 468 3244 mann,
484 3168 526 3231 ad
542 3188 705 3250 vesperas,
717 3168 786 3231 ad¹²
802 3169 993 3246 matutinas,
1007 3178 1041 3231 et
1056 3168 1100 3231 ad
1116 3169 1261 3232 missam.

401 3295 435 3364 Π
458 3290 487 3351 F
488 3290 555 3352 eria
567 3289 606 3351 ii.
623 3289 665 3352 de
681 3288 776 3366 feriis,
792 3308 869 3351 cum
885 3289 1100 3372 expositione
1115 3289 1288 3371 euangelii.
1336 3290 1559 3373 Responsoria

360 3464 481 3527 ieiunio
497 3462 530 3525 in
547 3462 757 3546 processione
771 3462 899 3526 dicitur.

402 3589 436 3659 Π
460 3584 488 3646 F
489 3584 557 3647 cria
573 3583 623 3647 iii.
639 3583 682 3647 dc
698 3591 813 3646 sancta
836 3581 952 3646 Maria.

403 3710 437 3780 Π
460 3704 556 3767 Feria
572 3703 635 3766 iiii.
651 3704 693 3767 de
709 3700 833 3780 seriis,¹³
848 3712 881 3767 et
897 3701 979 3765 nihil
995 3702 1038 3766 dc
1052 3713 1169 3767 sancta
1183 3704 1372 3769 Petroniila.
1412 3706 1560 3790 Respon-

361 3792 448 3855 soria
474 3791 516 3854 dc
541 3791 579 3856 ii.
609 3790 689 3853 feria
714 3790 869 3852 dicuntur
883 3811 891 3868 ;
923 3790 1048 3854 scilicet
1078 3790 1242 3855 Narrabo.
1299 3792 1560 3875 Responsorium

363 3879 403 3940 ln
426 3887 496 3955 toto,
521 3877 782 3961 Responsorium
806 3877 930 3939 Dicant
952 3898 1044 3941 nunc.
1089 3878 1155 3941 Vbi
1176 3876 1260 3941 fiunt
1275 3888 1343 3942 tres
1359 3900 1562 3945 commemo·

362 3966 515 4039 rationes,
546 3974 624 4029 tunc
655 3966 688 4027 in
716 3965 755 4027 ii.
782 3963 863 4027 feria
892 3964 1047 4027 dicuntur
1078 3964 1305 4047 Responsoria
1328 3966 1372 4030 de
1399 3968 1453 4032 .iii.
1478 3969 1564 4046 feria,

395 4193 586 4244 ¹dicuntur:8
625 4192 664 4244 88.

395 4206 660 4325 2-21usp0nsgr'ium
680 4258 712 4308 de
734 4256 839 4311 eodem†
862 4256 931 4316 feria,
956 4266 980 4306 et
1004 4258 1028 4307 in
1053 4258 1096 4307 iiii.
1123 4259 1183 4308 seria
1204 4259 1320 4310 dicuntur
1344 4262 1515 4327 Responsoria
1537 4262 1566 4312 de

365 4326 398 4375 iii.
413 4325 507 4374 scrinei
522 4324 688 4389 Responsoria
699 4323 731 4372 de
743 4323 786 4372 iiii.
801 4321 861 4371 feria
872 4323 903 4372 de
916 4324 968 4384 [co]
980 4339 1047 4373 anno
1059 4325 1289 4388 pretermittantur:
1307 4337 1348 4388 97,
1361 4340 1402 4376 01.

397 4389 407 4420 ²¹
425 4391 608 4454 Responsoria:
627 4390 730 4449 Dripnus
741 4405 764 4437 es
775 4407 781 4437 z
794 4386 835 4449 87,
848 4385 887 4437 88.

397 4453 450 4491 ⁴-²
468 4457 573 4503 Locutus
584 4464 609 4503 et
623 4453 789 4518 Responsoria
800 4453 832 4502 de
844 4452 886 4502 iiii.
901 4453 962 4502 seria
974 4453 1118 4503 omittantur
1129 4454 1178 4504 isto
1189 4471 1273 4506 anno:
1291 4454 1386 4522 87,[88.

398 4518 408 4548 '⁵
424 4520 507 4569 seriis:
525 4531 617 4580 97,01.
1037 4516 1048 4547 ⁰
1065 4519 1147 4570 seriis:
1165 4533 1205 4569 01.

397 4584 408 4615 ⁷
425 4585 517 4634 maior:
536 4596 576 4645 97,
589 4598 628 4633 01.
1040 4582 1050 4614 ⁸
1067 4584 1110 4634 iii:
1128 4596 1168 4646 97,
1181 4598 1221 4635 οι.

398 4648 409 4679 ⁹
425 4649 644 4698 commemoratio:
662 4666 708 4699 om.
723 4649 764 4709 87,
777 4647 816 4698 88.
1036 4647 1107 4685 ¹⁰—-¹¹
1124 4667 1171 4699 om.
1185 4669 1191 4699 ι
1209 4663 1250 4713 97,
1262 4664 1303 4701 οι.

399 4712 483 4779 ¹¹·{adt
501 4713 664 4776 our.87,88;
683 4714 750 4764 etad
784 4723 825 4775 97,
838 4727 878 4763 01.
1034 4713 1053 4743 ¹³
1070 4714 1148 4766 seria:
1166 4714 1205 4765 88.
