3834 5734
848 816 1011 867 SEXTUM
1040 818 1075 866 D.
1516 828 1563 878 339

358 976 431 1031 Dec.
449 975 501 1048 13·]
539 971 582 1044 1(Ι
607 970 784 1032 Dominica
795 970 845 1032 .iii.
860 969 1039 1032 Aducntus
1050 969 1196 1044 Domini,
1209 979 1317 1032 totum
1333 970 1375 1032 cle
1389 969 1562 1032 dominica.

402 1095 436 1164 (Ι
461 1091 556 1152 Feria
572 1090 610 1153 .ii.
627 1091 670 1153 de
685 1099 800 1152 sancta
818 1090 940 1153 Lucia:
965 1091 1008 1152 ix.
1026 1090 1190 1154 lectiones

402 1216 436 1285 (Ι
461 1211 556 1273 Feria
580 1211 629 1274 .iii.
660 1210 702 1273 de
726 1210 814 1287 seria,
837 1230 911 1273 cum
939 1211 1079 1292 propriis
1106 1209 1266 1273 laudibus
1313 1208 1416 1272 Missa
1433 1208 1477 1290 [p.
1494 1209 1562 1290 iiii]

361 1295 464 1359 Salus
471 1298 591 1379 populi.

402 1418 556 1493 (IFeria
585 1418 647 1481 .iiii.
686 1417 865 1480 versiculus
903 1418 944 1479 de
979 1420 1126 1481 secundo
1165 1429 1334 1493 nocturno,
1366 1426 1399 1480 et
1430 1418 1562 1498 propria

359 1503 593 1586 Responsoria.
638 1503 708 1567 2Ad
726 1525 890 1586 vesperas,
907 1505 1168 1587 Responsorium
1185 1505 1342 1569 Festina:
1366 1512 1399 1565 et
1418 1501 1447 1565 0
1464 1504 1560 1584 Sapi-

357 1592 446 1653 entia
459 1615 471 1654 .·
493 1602 527 1654 et
544 1592 618 1654 Aue
631 1592 772 1654 Maria.2

400 1716 434 1785 (Ι
459 1712 555 1774 Feria
570 1733 607 1774 .v.
630 1711 811 1774 versiculus
833 1712 876 1774 de
902 1712 1005 1774 tercio
1033 1722 1203 1788 nocturno
1219 1721 1252 1774 et
1270 1712 1494 1794 Responsoria
1521 1713 1562 1773 de

356 1799 504 1860 secundo
520 1808 682 1860 nocturno
698 1799 833 1860 historie
849 1797 1079 1861 dominicalis.³

400 1918 554 1992 (IFeria
584 1919 633 1980 .vi.
664 1916 843 1981 versiculus
880 1918 923 1980 de
962 1918 1070 2000 primo
1108 1928 1279 1995 nocturno
1314 1938 1389 1981 cum
1422 1919 1561 2000 propriis

356 2003 598 2085 Responsoriis

399 2129 433 2198 (Ι
456 2123 617 2198 Sabbat0,
632 2124 811 2187 versiculus
828 2125 869 2185 de
885 2123 1033 2185 secundo
1050 2133 1220 2197 nocturno
1236 2145 1311 2187 cum
1330 2124 1561 2208 Responsoriis

354 2211 506 2291 propriis.
552 2210 655 2273 Nulla
672 2210 729 2273 fiat
745 2210 1019 2273 commemoratio
1035 2211 1067 2272 in
1084 2210 1146 2273 hac
1163 2211 1381 2275 hebdomada.

532 2331 768 2405 [Dominica
805 2330 867 2394 .iiii,
906 2330 1120 2393 Aduentus⁴z
1165 2340 1272 2394 totum
1312 2333 1354 2394 de
1385 2333 1559 2395 dominica.

534 2417 637 2517 llulla
668 2417 724 2480 fiat
752 2419 852 2479 missa
883 2418 924 2479 de
952 2418 1077 2498 vigilia⁶
1103 2418 1160 2480 sed
1187 2428 1317 2481 tautum
1344 2419 1502 2492 memoria
1526 2420 1557 2480 in

350 2521 611 2567 summamrssa.

354 2380 427 2433 Dec.
442 2377 497 2449 20.]

398 2627 432 2696 (Ι
455 2622 552 2686 Feria
567 2625 606 2688 .ii.
623 2625 665 2688 de
681 2634 798 2688 sancto
814 2625 946 2687 Thoma
963 2624 1137 2706 apostolo,⁴¹
1157 2623 1296 2687 lnlerius
1312 2625 1445 2708 duplex.

398 2747 432 2818 (Ι
456 2744 552 2806 Feria
567 2746 617 2809 .iii.
633 2745 676 2809 de
693 2745 777 2808 sesto
793 2745 863 2808 loci.

398 2991 430 3061 (Ι
456 2987 552 3050 Feria
567 3010 604 3051 .v.
621 2989 663 3049 de
678 2987 790 3069 vigilia
808 2987 1001 3049 Natiuitatis
1020 2986 1164 3050 Domini.

398 3111 431 3180 (Ι
456 3106 552 3169 Feria
567 3107 616 3171 .vi.
633 3107 704 3171 dies
721 3106 915 3169 Natiuitatis
933 3106 1093 3169 Domini:
1117 3106 1237 3170 festum
1255 3108 1442 3191 principale.

398 3232 432 3301 (Ι
456 3226 616 3303 Sabbam,
631 3228 674 3290 de
689 3237 807 3290 sancto
824 3226 1006 3308 Stephan0,
1023 3227 1132 3290 minus
1148 3227 1284 3310 duplex.

352 3357 426 3411 Dec.
441 3354 495 3426 27.]
531 3350 577 3424 7(Ι
600 3347 787 3422 Dominica‚
803 3346 845 3409 de
861 3355 978 3408 sancto
997 3345 1165 3408 Iohanne:
1189 3347 1298 3409 minus
1314 3347 1450 3428 duplex.

398 3475 432 3544 (Ι
456 3469 550 3532 Feria
566 3467 604 3531 .ii.
622 3468 664 3530 de
683 3466 938 3528 Innocentibus:
964 3466 1072 3528 minus
1089 3464 1223 3547 duplex.

398 3595 432 3664 (Ι
456 3589 550 3651 Feria
566 3588 616 3650 .iii.
633 3588 675 3650 de
691 3596 807 3649 sancto
824 3586 991 3648 Thomu:
1015 3586 1123 3648 minus
1139 3587 1274 3668 duplex.

388 3876 395 3905 ¹
416 3880 466 3937 “01
485 3877 616 3926 Dominioc
628 3877 663 3941 iij.
683 3877 714 3926 de
733 3876 837 3925 seruicio
857 3875 1009 3935 dominicali,
1030 3884 1054 3924 et
1075 3875 1162 3924 festum
1181 3886 1264 3925 sancte
1288 3877 1364 3926 Lucie
1388 3878 1512 3928 differatur
1533 3880 1557 3929 in

348 3943 495 3992 crastinum.

389 4009 419 4055 ln
439 4008 486 4055 hac
508 4007 647 4056 ebdomada
669 4009 735 4056 nulle
753 4007 813 4055 fiant
830 4006 1063 4056 comemoraciones.
1089 4005 1113 4053 in
1132 4005 1166 4069 iij.
1193 4007 1250 4055 seria
1271 4007 1384 4056 dicantur
1402 4010 1556 4073 responsoria

352 4073 457 4122 historie
470 4089 513 4136 per
524 4072 645 4121 ordinem.

387 4137 458 4186 Feria
475 4137 519 4200 iiij.
540 4138 573 4186 ad
591 4137 623 4202 ijs.
647 4153 769 4201 vesperas,
791 4137 947 4201 responsoria
961 4136 1066 4185 Ferialia
1086 4136 1221 4199 [⁴sestr'nn’
1238 4137 1388 4202 Gascoigne]
1407 4140 1553 4202 Antiphone

351 4219 430 4266 super
443 4203 595 4266 Magnifica,
611 4202 793 4265 Osapr'cncr'rr.''
828 4214 866 4262 77.

386 4265 440 4303 ‘·'-²
455 4284 502 4316 om.
516 4268 556 4327 87,
572 4267 611 4316 88.

386 4331 397 4359 ³
415 4334 422 4357 ‘
435 4333 464 4380 ln
476 4349 499 4381 v.
513 4333 574 4381 seria
584 4333 673 4381 dicitur
686 4332 759 4380 missa
770 4330 944 4380 dominicalis)
978 4332 1053 4380 Brea.

385 4395 396 4425 ⁴
416 4400 463 4457 “01
480 4397 613 4446 Dominioe
625 4397 667 4461 iiij.
682 4397 712 4445 de
724 4397 828 4445 seruicio
845 4397 988 4445 dominicali
1006 4397 1034 4460 ije
1047 4413 1148 4460 vespere
1166 4407 1236 4446 erunt
1253 4399 1284 4447 de
1303 4399 1395 4448 Sancto
1411 4402 1516 4461 Thomu,
1531 4414 1555 4452 et

350 4462 464 4512 solennis
475 4463 594 4511 memoria
605 4463 636 4510 de
648 4461 773 4510 dominica
785 4472 809 4511 et
821 4462 851 4511 de
863 4473 948 4510 sancta
962 4463 1050 4511 Maria.

388 4527 460 4575 Feria
472 4527 504 4591 iij.
519 4527 551 4576 de
563 4528 625 4576 sesto
637 4527 692 4576 loci.

388 4592 459 4640 feria
477 4593 519 4655 iiij.
538 4593 570 4642 de
586 4602 671 4641 sancta
691 4593 777 4641 Maria.
815 4604 852 4652 77.
890 4592 954 4650 (The
974 4592 1089 4656 Breviary
1107 4592 1216 4642 likewise
1235 4594 1278 4641 lias
1303 4596 1435 4645 “secunde
1455 4615 1554 4661 vespere

350 4695 358 4706 .
398 4694 404 4705 .
443 4695 448 4706 .
484 4658 699 4715 sanctaMaria.”)
1017 4657 1069 4707 ³8.
1090 4659 1195 4707 Thomu.

385 4720 396 4750 ⁶
412 4725 542 4786 apostolo:
560 4741 607 4771 our.
621 4723 662 4783 87,
675 4722 714 4772 88.

385 4787 396 4883 ζ
414 4791 464 4848 “(Ι
482 4788 612 4837 Dominica
625 4788 688 4837 inira
699 4798 762 4838 octa.
779 4788 922 4838 Natiuitatis
933 4789 964 4837 de
977 4798 1062 4837 sancto
1081 4789 1219 4838 Iohanne.”
1254 4801 1293 4849 77.

413 4853 522 4916 archiep.
