3834 5734
464 689 493 738 18
558 690 755 742 ORDINALE
769 691 911 754 SARUM,
928 692 1018 744 SIVE
1033 691 1313 745 DIRECTORIUM
1323 691 1590 744 SACERDOTUM.

464 839 545 927 viii]
590 840 758 926 (Tercium
782 845 819 909 F.
869 845 909 909 In
933 864 1023 910 anno
1046 845 1204 924 bisextili,
1226 845 1364 928 quando
1386 847 1495 930 prima
1516 855 1568 910 est
1590 843 1659 927 (ix),

464 938 544 993 tunc
559 929 793 1016 accipiendum
809 942 861 997 est
876 941 1032 1016 quartum
1048 933 1087 1007 F,
1104 953 1165 1016 pro
1179 933 1284 997 tercio
1298 933 1336 996 F.

504 1087 539 1158 ἦ
563 1081 709 1146 Primum
735 1082 774 1148 G.
822 1084 861 1149 ln
885 1103 976 1149 anno
997 1083 1155 1163 bisextili,
1172 1084 1310 1167 quando
1334 1083 1443 1168 prima
1467 1093 1519 1148 est
1542 1081 1661 1165 (ἰί),νοί

463 1168 532 1246 xiii,
547 1177 625 1232 ωηο
641 1170 871 1255 accipiendum
887 1170 1070 1235 secundum
1089 1170 1128 1247 G,
1144 1192 1204 1254 pro
1222 1170 1253 1236 G
1269 1170 1385 1256 primo.

507 1317 699 1383 Secundum
718 1319 756 1385 G.
797 1321 837 1384 In
859 1341 949 1385 anno
968 1320 1125 1398 bisextili,
1141 1320 1279 1403 quando
1296 1318 1406 1404 prima
1420 1329 1474 1384 est
1488 1318 1576 1402 (xv),
1590 1328 1662 1382 tunc

464 1405 693 1488 accipiendum
708 1416 760 1471 est
775 1407 914 1471 tercium
934 1407 973 1486 G,
988 1428 1049 1492 pro
1064 1408 1211 1472 secundo
1229 1406 1267 1472 G.

507 1553 661 1618 Tercium
685 1555 723 1620 G.
766 1556 804 1619 ln
826 1576 915 1620 anno
938 1555 1097 1633 bisextili,
1116 1556 1253 1639 quando
1277 1556 1387 1639 prima
1410 1555 1474 1619 erit
1499 1554 1578 1636 (ix),
1591 1565 1665 1618 tunc

464 1641 692 1724 accipiendum
709 1652 760 1707 est
775 1653 929 1726 quartum
949 1643 987 1721 G,
1004 1663 1065 1727 pro
1079 1644 1183 1707 tercio
1201 1643 1239 1708 G.

509 1790 674 1874 Quartum
702 1791 739 1856 G.
788 1793 829 1856 In
853 1813 942 1856 anno
965 1791 1123 1870 bisextili,
1136 1793 1272 1875 quando
1294 1792 1402 1876 prima
1422 1801 1477 1856 est
1500 1791 1579 1874 (xi),
1594 1801 1666 1856 tunc

466 1879 694 1961 accipiendum
711 1887 761 1942 est
776 1880 929 1962 quintum
948 1879 987 1957 G,
1002 1900 1064 1963 pro
1079 1889 1198 1963 quarto
1216 1877 1254 1944 G.

509 2033 543 2104 ἦ
567 2029 612 2092 Et
627 2028 654 2091 si
670 2028 805 2110 quando
820 2038 854 2093 et
870 2031 1024 2112 quotiens
1040 2029 1169 2093 literam
1190 2027 1424 2092 dominicalem
1446 2026 1666 2091 abiiciendam

467 2115 660 2178 immediate
683 2116 776 2198 sequi
796 2116 884 2180 diem
905 2137 974 2199 quo
994 2117 1147 2181 inseritur
1161 2134 1280 2179 aureus
1296 2135 1463 2187 numerus,
1479 2133 1540 2176 seu
1558 2115 1668 2196 prima,

467 2203 642 2285 contigerit
657 2252 664 2266 .
680 2212 714 2266 et
729 2202 821 2266 illum
845 2224 970 2267 annum
994 2203 1064 2268 sore
1085 2202 1284 2277 bisextilem,
1298 2211 1378 2266 tunc
1402 2201 1446 2265 de
1471 2202 1668 2265 necessitate

466 2298 599 2372 oportet
625 2290 668 2354 ad
700 2290 787 2353 diem
818 2289 972 2374 primum¹
1001 2300 1195 2373 sequentem
1226 2308 1365 2353 numero
1394 2308 1455 2371 pro
1485 2288 1543 2351 die
1574 2308 1670 2371 pasce

469 2397 642 2453 recurrere,
668 2386 702 2440 et
728 2377 818 2440 illam
844 2377 971 2441 literam
998 2399 1059 2460 pro
1089 2377 1147 2440 illo
1171 2396 1260 2440 anno
1290 2373 1527 2439 dominicalem
1559 2376 1668 2438 sumi:

468 2472 502 2526 et
532 2464 610 2545 quia
645 2463 701 2525 illa
734 2463 829 2527 litera
864 2465 916 2527 cui
952 2464 1100 2548 infigitur
1131 2483 1250 2526 aureus
1290 2482 1447 2525 numerus
1482 2463 1589 2546 niger,
1624 2463 1668 2525 sic

468 2560 614 2627 vocatur,
641 2570 698 2614 seu
735 2551 849 2634 prima,
886 2571 952 2614 non
991 2561 1102 2634 potest
1139 2570 1212 2613 esse
1249 2551 1319 2614 dies
1357 2569 1467 2631 pasce,
1502 2551 1566 2614 sed
1600 2549 1669 2613 dies

467 2656 600 2721 semper
619 2637 805 2700 dominicus
826 2640 1000 2720 proximus
1020 2657 1161 2720 sequens
1181 2638 1243 2700 erit
1261 2637 1332 2699 dies
1353 2655 1450 2718 pasce
1469 2646 1527 2699 :et
1544 2636 1669 2719 patebit

467 2725 608 2788 intuenti
627 2725 740 2788 :verbi
763 2726 879 2807 gratia,
895 2725 947 2790 Sit
971 2725 1066 2788 litera
1088 2722 1294 2788 dominicalis
1314 2723 1352 2800 F,
1367 2732 1401 2786 et
1424 2721 1613 2787 abiicienda
1628 2723 1669 2786 ad

469 2811 588 2874 sestum
617 2811 754 2888 Mathie,
778 2812 820 2875 sit
843 2832 964 2875 aureus
988 2832 1144 2875 numerus
1168 2831 1224 2875 seu
1253 2812 1359 2893 prima
1391 2810 1462 2886 .vii.,
1492 2819 1527 2873 et
1564 2829 1669 2873 annus

468 2897 658 2961 bisextilis:
683 2899 738 2962 Ad
760 2897 880 2962 festum
904 2899 1029 2963 mathie
1047 2899 1200 2962 abiicitur
1213 2897 1252 2974 F,
1275 2896 1486 2960 manifestum
1501 2907 1565 2974 est,
1583 2908 1616 2960 et
1639 2897 1669 2960 E

468 2985 609 3048 sumitur
633 3006 692 3066 pro
716 2985 810 3049 litera
833 2986 1024 3049 dominicali
1049 2984 1262 3068 subsequenti
1287 2983 1344 3047 illo
1366 3003 1484 3049 anno.
1510 2983 1670 3048 Ceterum

467 3073 566 3134 istam
598 3073 738 3155 primam
768 3073 829 3137 .vii.
859 3093 957 3155 super
989 3073 1021 3136 E
1053 3072 1271 3155 penultimam
1302 3071 1391 3133 diem
1423 3070 1542 3133 Marcii
1573 3072 1670 3136 inseri

469 3168 584 3221 notum
601 3168 652 3222 est
670 3183 676 3221 :
697 3179 762 3241 que
780 3159 813 3222 E
835 3179 900 3222 non
925 3169 1038 3242 potest
1060 3180 1132 3223 esse
1157 3159 1227 3221 dies
1252 3178 1359 3240 pasce,
1374 3159 1452 3239 quia
1476 3156 1597 3238 prima,
1612 3179 1670 3222 seu

468 3266 586 3309 aureus
611 3266 776 3322 numerus,
792 3266 891 3329 super
914 3267 989 3310 eam
1014 3247 1119 3329 ipsam
1145 3246 1269 3323 incidit,
1286 3264 1362 3308 cum
1388 3245 1459 3308 dies
1484 3264 1586 3326 pasce
1609 3246 1671 3310 erit

467 3353 599 3415 semper
614 3334 786 3415 proximus
801 3335 872 3397 dies
886 3333 1073 3397 dominicus
1088 3353 1231 3415 sequens
1246 3332 1386 3414 primam
1404 3355 1411 3394 :
1427 3340 1461 3393 et
1477 3351 1546 3394 non
1563 3332 1670 3397 solum

470 3440 528 3500 per
551 3421 649 3482 istam
676 3420 832 3501 regulam,
849 3422 907 3484 sed
933 3441 993 3504 per
1015 3441 1132 3483 omnes
1156 3419 1286 3502 regulas
1312 3418 1355 3482 de
1379 3418 1434 3481 die
1458 3439 1559 3500 pasce
1582 3440 1671 3483 com-

469 3508 594 3589 positas
619 3531 626 3570 ε
649 3508 707 3569 sed
728 3508 960 3571 recurrendum
982 3508 1095 3571 estad
1120 3507 1260 3589 primam
1287 3505 1318 3568 E
1342 3506 1439 3568 istam
1464 3517 1671 3588 sequentem,

469 3614 534 3675 que
564 3603 614 3657 est
644 3604 742 3658 sexta
768 3595 889 3677 apriliS,
914 3604 948 3657 et
979 3594 1069 3657 illam
1100 3594 1205 3676 accipi
1233 3614 1292 3676 pro
1318 3592 1373 3655 die
1399 3612 1500 3674 pasce
1525 3613 1594 3656 non
1622 3607 1671 3658 est

470 3681 608 3744 dubium
626 3705 633 3744 :
649 3691 682 3744 et
698 3682 753 3745 ubi
771 3683 860 3764 prius
876 3683 1057 3745 secundum
1074 3682 1239 3746 videretur
1255 3679 1355 3742 luisse
1370 3679 1403 3742 E
1418 3681 1484 3742 iam
1502 3699 1570 3743 non
1586 3702 1671 3763 opus

470 3778 519 3831 est
535 3789 554 3830 a
571 3768 655 3831 festo
672 3769 803 3842 mathie,
820 3778 853 3832 et
869 3768 999 3844 abinde,
1015 3769 1058 3831 ad
1081 3766 1251 3831 historiam
1269 3765 1325 3848 (In
1340 3766 1516 3848 principali)
1531 3769 1672 3832 tercium

470 3856 502 3918 E
514 3856 619 3938 arripi,
634 3856 679 3920 ob
694 3876 793 3938 pasce
803 3856 890 3918 diem
909 3906 915 3918 .
931 3856 980 3919 .vi.
996 3857 1049 3919 die
1061 3855 1174 3937 aprilis
1190 3854 1376 3931 cadentem,
1386 3873 1407 3916 a
1418 3873 1486 3935 quo
1501 3853 1556 3918 die
1572 3876 1671 3937 pasce

470 3942 582 4005 omnia
599 3943 681 4005 festa
701 3943 837 4006 mobilia
858 3952 1037 4025 reguntur.
1056 3944 1110 4019 Et,
1125 3951 1162 4005 ut
1181 3952 1293 4005 actum
1314 3951 1365 4004 est
1383 3941 1504 4006 dehoc
1520 3940 1585 4018 die,
1601 3944 1671 4025 pari

472 4030 572 4093 modo
588 4031 629 4092 dc
645 4031 761 4094 ceteris
777 4031 872 4094 annis
888 4029 1098 4094 bisextilibus
1114 4029 1281 4112 agendum
1298 4038 1356 4092 est

950 4742 958 4774 ¹
977 4745 1116 4809 proximum
1130 4764 1137 4796 ε
1149 4746 1188 4807 98.
