3834 5734
356 709 404 774 326
679 707 776 754 DIRE
780 706 801 755 C
804 707 829 754 T
828 706 893 755 ORI
896 706 955 755 ΠΜ
984 707 1027 754 SA
1033 705 1254 757 CERDOTUM.

355 873 463 925 autem
491 860 629 922 Dauid:
651 868 685 921 et
717 860 760 922 de
785 859 951 923 Trinitate
975 858 1038 922 sub
1067 858 1220 922 silentio:
1244 856 1394 920 solennis
1419 855 1453 937 [o
1475 855 1548 937 .viii]

358 949 518 1012 memoria
533 949 575 1009 de
591 956 706 1009 sancta
723 947 832 1009 Anna.
880 945 995 1008 Nulla¹
1012 947 1188 1028 processio,

530 1073 564 1142 11
588 1067 767 1129 Dominica
782 1067 841 1143 .vi,
856 1075 965 1129 totum
983 1066 1024 1128 de
1048 1075 1165 1128 sancta
1188 1066 1301 1141 Anna,
1329 1063 1547 1127 Inuitatorium

354 1116 476 1217 1111226]
530 1155 662 1236 triplex,
678 1164 711 1216 et
726 1154 791 1216 due
807 1154 968 1216 memorie
983 1153 1184 1216 solenniter.²

396 1277 430 1346 11
455 1271 550 1333 Feria
565 1271 605 1333 .ii.
621 1271 663 1332 de
687 1269 824 1352 Septem
849 1269 1109 1333 Dormientibus
1157 1269 1398 1332 Inuitatorium
1418 1267 1549 1350 duplex:

355 1359 396 1422 iii.
414 1357 572 1420 lectiones
588 1361 705 1439 ³vsque
720 1357 764 1419 ad
781 1358 927 1433 missam,
943 1377 1009 1438 que
1024 1357 1086 1419 erit
1102 1357 1144 1419 de
1161 1356 1355 1419 dominica.³

397 1484 431 1553 11
455 1478 552 1540 Feria
567 1478 617 1541 .iii.
633 1479 675 1541 de
692 1477 776 1539 sesto
793 1476 855 1539 loci
871 1485 906 1538 et
921 1478 987 1539 due
1003 1478 1170 1539 memorie.

398 1604 431 1673 11
457 1598 551 1660 Feria
567 1597 630 1660 .iiii.
647 1598 689 1659 de
706 1595 928 1678 martyribus⁴
977 1597 1211 1659 Inuitatorium
1228 1595 1368 1678 duplex.

397 1716 431 1785 11
455 1710 551 1771 Feria
574 1730 611 1772 .v.
635 1709 677 1771 de
705 1709 907 1790 martyribus
932 1707 1059 1771 Abdon
1087 1717 1120 1770 et
1153 1706 1298 1783 Sennen,
1326 1706 1543 1770 Inuitatorium

355 1797 502 1878 duplex:
526 1805 592 1859 tres
608 1794 774 1857 lectiones.

398 1924 432 1993 11
456 1919 553 1980 Feria
570 1919 617 1980 .vi.
634 1918 677 1980 de
692 1927 809 1981 sancta
828 1917 944 1994 Maria,
960 1927 995 1980 et
1011 1917 1172 1980 memoria
1190 1918 1233 1980 de
1249 1927 1370 1980 sancto
1387 1916 1545 1982 Germano.

398 2044 432 2113 11
456 2037 616 2113 Sabbat0‚
633 2039 675 2101 dc
691 2048 811 2101 sancto
828 2037 1142 2101 Petroadvincula:
1173 2039 1414 2101 Inuitatorium
1425 2037 1544 2121 triplex:

354 2126 409 2190 .ix.
427 2125 608 2188 lectiones:
631 2134 665 2187 et
682 2126 843 2188 memoria
859 2126 901 2188 de
918 2125 1140 2206 martyribus.6

399 2251 433 2320 11
458 2244 525 2308 Ubi
546 2243 630 2307 fiunt
652 2255 718 2307 tres
734 2245 1080 2322 commemorationes,
1096 2245 1129 2306 in
1146 2266 1182 2307 .v.
1200 2245 1280 2307 seria
1305 2245 1366 2309 liat
1389 2266 1456 2309 vna
1475 2266 1545 2310 com·

357 2333 563 2395 memoratio

401 2459 434 2528 11
458 2453 515 2516 Ab
531 2452 593 2515 hac
609 2452 673 2528 die,
688 2471 793 2533 vsque
809 2453 851 2515 ad
876 2453 1100 2534 inceptionem
1125 2451 1262 2515 historie
1278 2452 1450 2531 (Domim,
1471 2475 1506 2516 nc
1522 2454 1548 2515 in

357 2540 436 2621 ira),
452 2541 636 2623 accipiatur
652 2548 788 2602 sextum
804 2539 849 2615 D,
866 2560 926 2621 pro
943 2539 1054 2603 littera
1070 2539 1271 2603 dominicali.

393 2785 401 2816 ¹
419 2786 463 2836 sed
475 2787 553 2850 bcfhre
564 2789 649 2835 nulla:
668 2787 710 2849 87,
723 2787 763 2838 88.

393 2851 404 2880 '³
420 2853 550 2900 solennes:
569 2852 609 2913 87,
623 2852 672 2901 88:
691 2855 766 2904 missa
777 2854 933 2904 dominicalis
944 2853 1034 2904 dicitur
1046 2854 1072 2903 in
1083 2854 1207 2919 capitulo:
1225 2856 1281 2904 add.
1297 2867 1340 2917 97,
1353 2870 1395 2906 01.

394 2916 446 2951 ³-³
462 2934 508 2965 om.
521 2934 527 2964 ι
546 2929 585 2977 97,
599 2930 639 2965 01.
968 2918 979 2949 ⁴
996 2920 1040 2970 SS.
1062 2921 1153 2979 Felice,
1167 2920 1307 2986 Simplicio,
1322 2932 1371 2972 etc.

394 2980 404 3008 ⁵
421 2981 466 3030 SS.
483 2983 635 3031 machabeis.
