3834 5734
351 715 383 780 36
674 710 950 765 DIRECTORIUM
960 711 1135 763 SACERDO
1140 712 1229 765 TUM.

351 868 454 931 Salus
461 865 593 949 populi.
610 863 765 929 Secunde
775 883 913 946 vespere
922 875 1020 929 erunt
1030 864 1073 928 de
1085 864 1167 929 seria
1182 916 1190 929 .
1205 867 1353 930 Alleluia
1364 868 1421 931 iii.
1432 868 1533 951 psalmi

352 954 480 1018 feriales
495 1003 502 1016 .
519 951 723 1035 Capitulum,
741 949 1029 1034 caristuspassus,
1043 972 1120 1016 cum
1137 954 1307 1017 memoriis
1321 955 1490 1018 consuetis

394 1081 428 1151 (Ι
451 1071 674 1137 Feria.1111.de
687 1069 768 1133 teria
782 1119 789 1132 .
806 1070 934 1154 psalmi,
945 1071 1107 1136 Memorare
1117 1074 1188 1147 ruci,
1202 1071 1248 1136 Si
1260 1094 1342 1151 uere,
1355 1073 1457 1156 Eripe
1466 1095 1508 1138 uu
1519 1077 1535 1136 .¹

352 1160 539 1236 versiculus,
567 1156 736 1228 Surreuit¹
750 1157 921 1221 Dominus.
967 1159 1242 1242 Responsorium,
1281 1160 1364 1224 Vidi
1380 1171 1502 1243 portam
1519 1162 1536 1224 ‚¹

353 1249 510 1313 memorie
543 1253 709 1310 consuete.
769 1244 923 1327 Epistola
959 1258 994 1309 et
1031 1246 1241 1328 euangelium
1279 1249 1429 1312 eiusdem
1465 1248 1536 1312 lene

353 1335 506 1400 Secunde
530 1352 667 1417 vespere
693 1340 790 1394 erunt
815 1333 858 1396 de
880 1332 966 1396 sesto
989 1332 1061 1403 loci.
1078 1344 1112 1397 et
1140 1335 1301 1397 memoria
1325 1335 1368 1398 de
1394 1356 1537 1399 resurrec-

353 1424 452 1486 tione.

395 1549 430 1618 (I
453 1541 549 1605 Feria
572 1562 611 1602 .v.
628 1539 671 1602 de
698 1540 785 1604 sesto
808 1539 881 1617 loci,
905 1549 940 1602 et
967 1540 1126 1603 memoria
1150 1540 1192 1603 de
1217 1542 1475 1606 resurrectione.
1491 1542 1539 1608 Se·

352 1629 460 1693 cumde
475 1647 610 1710 vespere
632 1637 729 1691 erunt
751 1627 794 1690 de
819 1626 1021 1708 martyribus
1036 1625 1206 1708 Tyburcio
1228 1638 1263 1691 et
1277 1627 1468 1705 Valeriano,
1480 1632 1541 1693 sine

355 1716 514 1798 regimine
551 1715 641 1777 chori
672 1764 678 1776 .
711 1713 895 1795 antiphona
925 1762 932 1776 .
962 1713 1109 1776 Alleluia
1138 1713 1195 1777 iii.
1233 1713 1355 1798 psalmi
1388 1716 1541 1780 feriales.

353 1801 567 1886 Capitulum.
586 1801 710 1863 Reddet
731 1799 844 1863 Deus.
862 1800 1022 1862 memoria
1045 1799 1087 1863 de
1109 1820 1214 1877 cruce,
1233 1803 1275 1864 de
1298 1813 1417 1866 sancta
1442 1804 1544 1880 illaria,

352 1899 386 1953 et
402 1890 443 1953 de
459 1889 626 1954 Omnibus
642 1885 782 1952 Sanctis.

394 2017 429 2087 ΙΙ
453 2009 549 2074 Feria
560 2009 608 2071 .vi.
621 2009 663 2071 de
676 2006 876 2090 martyribus
886 2006 1056 2089 Tyburcio
1074 2017 1108 2071 et
1118 2007 1307 2085 Valerian0,
1319 2010 1546 2075 lnuitatorium

353 2097 499 2180 duplex.
516 2094 634 2178 psalmi
647 2145 653 2157 .
664 2095 788 2157 Beatus
796 2093 858 2170 vir,
871 2091 982 2172 Quare
981 2096 1200 2175 fruurccruut,
1212 2094 1254 2158 Iu
1266 2095 1412 2160 Doruino
1420 2099 1549 2182 confido.

352 2183 513 2248 memoria
543 2182 585 2245 de
616 2182 720 2246 Cruce
750 2231 756 2244 .
787 2180 831 2244 de
859 2191 974 2244 sancta
1006 2182 1113 2245 Maria
1142 2192 1177 2245 et
1207 2181 1376 2248 Omnibus
1405 2185 1550 2250 Sanctis.

354 2270 507 2337 Secunde
544 2288 681 2350 vespere
718 2277 814 2331 erunt
852 2268 894 2330 de
930 2278 1047 2333 sancta
1086 2269 1202 2340 Maria,
1240 2280 1274 2333 et
1313 2272 1476 2336 memoria
1511 2275 1550 2338 de

354 2357 598 2422 resurrectione.

394 2485 429 2555 (1
452 2475 610 2542 Sabbata.
623 2476 665 2537 de
675 2486 790 2537 sancta
807 2474 914 2537 Maria
930 2523 936 2538 .
952 2475 1007 2538 vbi
1024 2474 1107 2538 fiunt
1120 2485 1186 2540 tres
1197 2481 1551 2544 commemorationes.

352 2565 385 2628 in
401 2566 452 2628 iii.
468 2564 548 2626 feria
565 2563 621 2624 liet
648 2582 714 2624 vna
740 2563 1024 2638 commemoratio,
1044 2572 1078 2626 et
1093 2572 1173 2626 tunc
1188 2565 1221 2626 in
1245 2565 1306 2627 ‚iiii
1325 2565 1406 2629 seria
1431 2569 1555 2632 dicatur

352 2651 541 2726 versiculus,
560 2649 716 2712 Surrexit
731 2647 894 2710 Dominus
908 2669 990 2726 uere,
1005 2658 1038 2711 et
1055 2650 1289 2732 Responsoria,
1304 2651 1456 2718 Locutus.

351 2823 419 2891 Apr.
436 2818 487 2890 m]
527 2776 560 2844 {l
585 2769 761 2831 Dominica
788 2768 839 2831 iii.
867 2778 942 2849 post
969 2770 1081 2846 Pasca,
1104 2771 1147 2833 de
1173 2772 1312 2835 seruicio
1339 2773 1554 2839 dominicali.

529 2857 584 2920 Ad
602 2857 725 2935 primas
741 2874 895 2937 vesperas
910 2856 1103 2939 antiphona,
1119 2858 1260 2938 psalmi,⁵
1275 2868 1309 2921 et
1326 2859 1555 2944 Responsoria

351 2944 435 3007 sicut
459 2945 491 3006 in
515 2944 681 3006 dominica
705 2942 893 3024 precedenti
917 2991 923 3005 .
946 2945 1085 3006 tercium
1110 2945 1370 3026 Responsorium
1388 2969 1410 3010 a
1426 2951 1556 3014 duobus

351 3041 502 3094 cantetur
531 3032 568 3093 ln
595 3030 747 3092 laudibus
771 3049 837 3091 vna
863 3029 1055 3112 antiphona
1073 3034 1233 3097 memoria
1255 3034 1297 3096 de
1314 3038 1556 3101 resurrectione

351 3119 439 3181 ⁰cum
458 3119 559 3180 missa
575 3117 616 3179 de
633 3115 893 3179 resurrectione!

395 3244 429 3313 (I
453 3239 548 3301 Feria
579 3238 617 3299 .ii.
643 3237 685 3299 de
710 3236 790 3298 seria
817 3235 935 3317 psalmi
964 3237 1132 3315 Exaltezbo,
1158 3238 1199 3301 Iu
1224 3249 1253 3301 te
1280 3241 1431 3319 Domine,
1461 3245 1560 3308 Beati

350 3326 499 3406 quorum⁸
515 3375 521 3387 .
538 3324 725 3400 versiculus,
747 3323 962 3387 Resurrcxit.
981 3325 1204 3407 Responsoria
1225 3326 1361 3408 Deguus
1382 3351 1418 3392 cs
1433 3381 1441 3394 .
1457 3332 1556 3413 Capi-

352 3413 481 3488 tulum,⁹
500 3411 630 3475 Obsecro
645 3432 701 3473 vos
716 3461 722 3472 .
738 3409 1047 3492 antiphonarium
1057 3433 1151 3474 arura
1167 3463 1173 3475 .
1191 3414 1308 3478 Oratio
1318 3417 1532 3482 dominicalis
1548 3470 1554 3484 .

354 3499 511 3562 memorie
534 3508 692 3560 consuete
724 3518 800 3560 cum
829 3498 928 3560 missa
952 3499 1186 3562 dominicale.¹⁰
1232 3501 1386 3566 Secunde
1418 3526 1557 3590 vespere

352 3588 472 3649 erunt¹¹
489 3587 531 3648 dc
548 3585 632 3648 sesto
649 3585 719 3661 loci,
735 3593 768 3647 et
784 3585 945 3647 memoria
960 3585 1002 3647 dc
1018 3587 1260 3651 resurrectione.

396 3713 429 3781 (i
454 3706 549 3769 Feria
580 3705 630 3768 iii.
661 3706 704 3767 de
742 3704 826 3766 sesto
865 3704 936 3780 loci,
966 3714 1000 3768 et
1031 3708 1190 3769 memoria
1225 3708 1267 3771 de
1306 3713 1554 3779 resurrectione.

355 3793 508 3857 Secunde
525 3812 659 3873 vespere
676 3801 771 3854 erunt
791 3792 833 3853 de
849 3802 964 3853 sancto
987 3792 1146 3875 Alphcgo
1168 3795 1324 3877 episcopo
1340 3808 1374 3859 et
1397 3811 1557 3882 martyre,

354 3879 425 3940 sinc
456 3880 615 3961 regimine
642 3878 761 3941 chori.
786 3878 969 3960 antiphona
999 3879 1147 3943 Alleluia
1173 3882 1229 3943 iii.
1262 3883 1381 3964 psalmi
1415 3885 1555 3952 feriales.

386 4153 393 4183 ¹
413 4156 526 4219 psalmo:
544 4173 590 4204 our.
605 4168 645 4217 97,
658 4169 698 4204 or.
1026 4155 1037 4186 ²
1055 4159 1205 4219 Resurrexit,
1218 4173 1258 4222 97,
1271 4174 1311 4211 οι.

387 4219 397 4247 ²¹
414 4221 488 4268 trra.
503 4222 578 4270 San:
597 4220 612 4270 i.
627 4221 753 4270 dccclxxv.

387 4284 397 4314 ⁴
414 4285 503 4348 psalmi
515 4286 629 4335 feriales:
646 4303 692 4335 oru.
707 4286 748 4348 87,
761 4285 800 4335 88.
838 4286 900 4350 Cap.
916 4288 1009 4336 li'erldct
1019 4289 1099 4348 Deus,
1112 4291 1186 4339 Brut.
1202 4293 1259 4340 Sar.
1274 4291 1298 4340 ii.
1315 4304 1370 4357 395.

386 4349 396 4377 ὖ
413 4350 556 4414 Capitulum
568 4362 592 4400 et
604 4352 711 4414 hymnus
722 4352 786 4401 sicut
797 4350 822 4400 in
834 4352 959 4401 dominica
967 4353 1110 4416 precedenti
1123 4391 1128 4403 .
1143 4357 1184 4403 Ad
1197 4357 1331 4406 matutinas
1343 4394 1349 4406 .
1366 4359 1555 4421 Inuitatorium,

356 4415 481 4478 Hymnus,
494 4415 640 4480 antiphone,
654 4417 751 4481 psalmi,
765 4417 897 4467 versiculus
909 4427 934 4466 et
953 4419 1121 4483 Responsoria
1132 4421 1193 4470 sicut
1205 4421 1231 4469 in
1248 4422 1375 4473 dominica
1392 4426 1557 4489 precedenti;

355 4481 456 4529 tercium
470 4481 664 4541 Responsorium
676 4481 717 4542 87,
730 4481 777 4531 88:
790 4482 821 4531 cl.
836 4484 911 4532 Brea.
925 4484 983 4532 Sar.

386 4543 438 4581 ⁸⁵-7
454 4562 501 4596 om.
515 4546 557 4606 87,
569 4546 609 4595 88.
1001 4546 1012 4577 ⁸
1029 4550 1136 4599 Psalmi:
1154 4568 1199 4600 our.
1215 4564 1256 4615 97,
1268 4566 1309 4602 01.

387 4608 397 4639 ¹³
414 4612 475 4675 Cap.
493 4612 600 4669 Obsecro,
613 4612 688 4661 Brco.
703 4614 760 4661 Sar.
776 4612 792 4660 i.
807 4612 914 4662 dccccxi.
950 4615 1010 4663 Ant.
1026 4617 1117 4674 Aruerr,
1128 4619 1217 4676 Aruen,
1231 4619 1351 4669 dccccxii.

388 4674 407 4771 {3
424 4693 479 4725 cum
491 4676 566 4792 inrisgg
578 4677 723 4725 dominicali
738 4696 743 4726 :
763 4694 809 4726 our.
824 4677 865 4738 87,
879 4677 910 4727 88
922 4695 929 4736 3
941 4679 1099 4730 dominicalis
1110 4679 1126 4731 †
1136 4682 1176 4732 08.

425 4752 495 4790 eruut
569 4779 575 4791 .
