3834 5734
353 677 399 725 114
666 664 939 716 DIRECTORIUM
957 664 1226 716 SACERDOTUM.

350 826 495 891 octaua&
511 816 694 880 secundum
710 818 868 881 ordinale.
914 817 971 882 Ad
984 838 1149 901 vesperas,
1162 816 1326 882 memoria
1335 816 1380 881 de
1395 816 1557 880 Trinitate

351 915 386 967 et
402 905 460 968 fiat
475 906 650 986 processio

527 1031 561 1100 (ζ
584 1025 762 1088 Dominica
783 1026 847 1088 iiii
870 1025 1007 1088 historie
1036 1024 1118 1088 Vidi
1132 1024 1317 1088 Dominum
1332 1073 1341 1088 .
1356 1025 1401 1088 de
1424 1024 1558 1088 semicio

528 1111 729 1175 dominicali
791 1113 830 1175 ln
857 1112 1012 1176 laudibus
1037 1132 1103 1174 vna
1127 1111 1325 1194 antiphona¹
1350 1112 1475 1175 Beatus
1496 1114 1558 1174 vir.

353 1195 545 1277 Capitulum
576 1198 643 1262 Iste
668 1209 807 1262 sanctus.
867 1199 1130 1282 Responsorium
1161 1198 1386 1280 Percepturus.
1454 1197 1559 1282 Super

356 1280 560 1364 Magnifica,
576 1286 759 1368 antiphona
774 1286 850 1349 Aue
863 1307 938 1350 rex:
961 1286 1122 1349 memoria
1137 1285 1181 1348 de
1195 1286 1375 1349 dominica

354 1075 427 1127 Nou.
444 1071 496 1144 19]

395 1408 429 1479 (Ι
453 1403 548 1468 Feria
563 1406 602 1470 ,ii
618 1405 661 1468 de
676 1415 793 1468 saneto
809 1405 1013 1481 Edmundo,²
1029 1406 1074 1468 ix.
1091 1404 1260 1470 lectiones.

394 1527 430 1599 (Ι
453 1524 549 1587 Feria
563 1526 615 1588 iii.
631 1525 674 1589 de
689 1525 775 1589 sesto
790 1526 862 1589 loci

396 1649 430 1718 (Ι
454 1644 550 1708 Feria
580 1647 643 1709 iiii.
672 1647 715 1709 de
744 1656 861 1710 saneta
898 1645 1030 1723 Cecilia,
1061 1646 1107 1710 ix.
1137 1645 1307 1710 lectiones
1365 1646 1558 1730 Capitulum

352 1727 495 1794 Dormire
508 1733 600 1796 Deus
614 1754 711 1795 naeres.

396 1851 549 1927 [Feria
579 1875 616 1916 .v.
647 1852 690 1916 de
718 1862 836 1916 sancto
860 1851 1043 1931 Clemente,
1067 1852 1113 1915 ix.
1138 1852 1307 1917 lectiones.
1365 1853 1558 1938 Capitulum

357 1934 474 2000 Omnis
480 1941 637 2021 pontifex

398 2064 432 2135 (Ι
456 2059 552 2122 Feria
566 2061 615 2123 ni.
631 2061 674 2123 de
689 2070 805 2124 sancta
821 2060 938 2137 Maria,
947 2069 981 2122 et
994 2060 1154 2124 memoria
1170 2060 1213 2122 de
1227 2071 1348 2124 sancto
1364 2060 1553 2145 Grisogono

399 2188 433 2257 (Ι
457 2180 607 2245 Sabbato
630 2183 673 2245 de
696 2191 813 2244 sancta
838 2180 1033 2257 Katherina,
1059 2181 1104 2243 ix.
1136 2181 1304 2244 lectiones.
1367 2181 1558 2265 Capitulum

359 2266 558 2350 confitebor.³
615 2267 673 2331 Ad
703 2288 859 2351 vesperas
896 2269 939 2331 de
968 2268 1144 2343 dominica.
1179 2269 1342 2332 memoria
1373 2270 1418 2333 de
1448 2282 1562 2333 sancta

359 2354 554 2432 Katherina,
568 2365 602 2418 et
617 2356 659 2418 de
675 2358 843 2436 martyre,⁴
859 2355 902 2418 de
917 2354 1092 2431 Trinitate,
1105 2365 1139 2418 et
1156 2357 1324 2438 processio
1340 2354 1407 2418 fiat

532 2476 767 2553 [Dominica
791 2497 827 2538 .v.
854 2474 990 2539 historie
1028 2474 1110 2540 Vidi
1134 2474 1326 2550 Donn'num,
1351 2477 1395 2539 de
1426 2476 1562 2540 seruieio

533 2562 733 2626 dominicali.
779 2563 892 2625 Medie
917 2562 1076 2625 lectiones
1092 2563 1134 2625 de
1160 2573 1278 2626 sancto
1305 2564 1393 2628 Lino
1418 2584 1508 2646 papa
1530 2574 1563 2626 et

358 2658 511 2729 martyre,
542 2651 585 2713 de
613 2650 781 2712 communi
811 2650 907 2712 vnius
943 2650 1097 2730 martyris
1127 2657 1162 2712 et
1195 2649 1363 2732 pontificis
1395 2699 1403 2714 .
1438 2671 1561 2714 nonum

357 2734 619 2883 §esponsonum
637 2736 774 2799 Sunnne
794 2735 962 2799 Tn'nitoti.
1012 2737 1051 2799 ln
1073 2735 1227 2800 laudibus
1245 2757 1362 2799 omnes
1378 2738 1561 2820 antiphone

383 2832 520 2885 reuntur.

401 2950 434 3019 (Ι
458 2944 554 3006 Feria
569 2943 608 3006 .ii.
624 2944 666 3005 de
683 2942 770 3019 feria,
786 2953 821 3007 et
845 2944 912 3006 duo
937 2943 1163 3027 Responsoria
1185 2942 1309 3007 ferialia
1337 2945 1463 3027 pariter
1486 2966 1562 3009 can·

358 3039 478 3105 tentor,
495 3034 583 3092 ⁶eum
600 3031 701 3093 missa
717 3030 820 3093 Salus
830 3032 986 3112 populi.⁸¹

402 3158 436 3227 (Ι
459 3151 556 3212 Feria
571 3151 621 3213 .iii.
638 3151 681 3213 de
697 3149 782 3212 festo
797 3151 870 3214 loci.

402 3277 436 3346 (Ι
460 3269 557 3332 Feria
582 3271 646 3332 iiii.
671 3270 714 3333 de
741 3270 955 3352 martyribus⁸
979 3289 1056 3333 cum
1084 3278 1254 3333 nocturno.
1302 3270 1411 3335 Missa
1437 3272 1501 3336 erit
1522 3276 1563 3338 de

360 3358 485 3440 vigilia⁹
500 3367 533 3418 et
550 3359 710 3420 memoria
725 3357 767 3419 de
784 3359 991 3438 martyribus.

359 2525 432 2579 Nov.
446 2523 501 2596 26.]

402 3486 435 3555 (Ι
459 3479 556 3541 Feria
572 3499 608 3540 .v.
624 3479 666 3541 de
682 3489 798 3541 sancto
814 3478 973 3554 Andrea;
998 3476 1138 3541 Inferius
1154 3477 1292 3561 duplex.

402 3606 435 3675 (Ι
459 3598 556 3661 Feria
570 3598 628 3673 .vi.,
644 3600 686 3661 de
705 3607 824 3660 octaua
844 3598 950 3659 saneti
968 3596 1113 3661 Andree.
1161 3599 1395 3663 Inuitatorium
1413 3601 1564 3684 duplex·

359 3694 426 3749 tres
443 3686 609 3761 lectiones,
627 3686 727 3748 missa
745 3683 846 3746 Salus
853 3684 974 3765 populi.

403 3813 436 3882 (Ι
460 3804 618 3886 Quotidie
637 3825 695 3885 per
712 3814 848 3866 octauas
872 3803 930 3867 fiat
952 3805 1110 3868 memoria
1126 3808 1169 3870 de
1184 3815 1303 3869 sancto
1322 3806 1473 3886 Andrea,
1489 3831 1563 3873 cum

362 3892 553 3975 antiphonis
569 3892 674 3972 prime
690 3892 763 3952 diei.

396 4119 400 4146 ¹
419 4119 460 4167 Ad
472 4134 587 4181 vesperas
598 4117 754 4182 antiphona:
771 4119 827 4166 adu.
842 4116 882 4178 87,
895 4116 934 4166 88.

393 4184 404 4213 '·'
420 4183 552 4234 Osmundo
563 4181 594 4232 †:
612 4196 641 4230 01
656 4186 696 4242 (ur
707 4184 816 4241 crrorcl;
833 4188 922 4235 osmirt
938 4182 978 4231 08.

394 4248 483 4314 ³Cap.
513 4248 648 4306 Confitcbor
669 4249 725 4304 tibi,
749 4248 858 4295 Domine
882 4250 943 4307 Rex,
963 4249 994 4296 ad
1014 4258 1130 4312 utrasque
1150 4266 1276 4315 vesperas,
1297 4259 1322 4301 et
1341 4253 1375 4301 ad
1393 4263 1468 4314 mah,
1490 4266 1515 4305 et
1533 4256 1565 4305 ad

362 4314 463 4363 terciam
476 4313 572 4361 dicitur.
612 4314 686 4361 Crede
697 4314 736 4361 M.
751 4315 764 4371 ἓ
778 4312 832 4372 178,
846 4329 869 4376 p.
885 4324 923 4373 77.
960 4314 1138 4367 Defensorium
1150 4317 1298 4377 De'rcctorir',
1311 4332 1333 4366 e.
1349 4329 1389 4381 50,
1402 4335 1428 4384 p.
1446 4331 1483 4381 17.

393 4378 403 4408 ⁴
421 4379 446 4428 S.
463 4378 535 4427 Lino.
993 4370 1003 4407 ⁵
1020 4378 1148 4429 dicantur:
1166 4379 1206 4430 88.

393 4441 446 4479 ⁸—⁸
462 4460 528 4491 em.:
547 4441 587 4502 87,
601 4441 639 4490 88.

395 4507 448 4557 ⁷Si
470 4507 558 4555 suerint
579 4509 661 4570 plures
681 4507 754 4555 misse
773 4507 935 4557 dominicales
955 4508 1086 4568 cantande,
1106 4509 1131 4558 in
1150 4509 1174 4559 ii.
1194 4510 1255 4560 feria
1272 4521 1387 4562 cantetur
1402 4530 1463 4574 vna,
1476 4524 1502 4565 et
1518 4516 1567 4566 alia

364 4574 390 4622 in
410 4574 443 4621 vi.
467 4573 533 4621 feria.
570 4572 629 4629 Sed,
651 4572 670 4619 si
688 4574 755 4620 nulle
772 4573 845 4621 misse
862 4572 1024 4623 dominicales
1041 4584 1098 4623 sunt
1116 4575 1234 4633 iruerint:
1252 4576 1295 4636 08)
1312 4581 1446 4641 cantande‚
1465 4590 1526 4632 tunc
1542 4582 1568 4631 in

364 4639 472 4687 secunda
484 4637 543 4684 seria
554 4636 642 4684 dicitur
654 4638 729 4686 missa
741 4640 817 4685 Salus
823 4640 929 4701 populi:
945 4641 1001 4687 add.
1016 4650 1057 4699 97,
1069 4653 1111 4698 01,
1124 4640 1163 4690 08.

395 4703 405 4733 ⁸
422 4703 466 4752 SS.
486 4701 621 4751 Sarurnino
632 4712 656 4751 et
668 4702 786 4751 Sisinnio.
1011 4704 1037 4754 S.
1051 4705 1160 4755 Andree.
