<?xml version="1.0" encoding="UTF-8"?>
<!DOCTYPE html PUBLIC "-//W3C//DTD XHTML 1.0 Transitional//EN"
    "http://www.w3.org/TR/xhtml1/DTD/xhtml1-transitional.dtd">
<html xmlns="http://www.w3.org/1999/xhtml" xml:lang="en" lang="en">
 <head>
  <title>
</title>
<meta http-equiv="Content-Type" content="text/html;charset=utf-8" />
  <meta name='ocr-system' content='tesseract 3.04.00' />
  <meta name='ocr-capabilities' content='ocr_page ocr_carea ocr_par ocr_line ocrx_word'/>
</head>
<body>
  <div class='ocr_page' id='page_1' title='image "./ordinalesarvmsi00maydgoog/ordinalesarvmsi00maydgoog_0062.png"; bbox 0 0 3834 5734; ppageno 0'>
   <div class='ocr_carea' id='block_1_1' title="bbox 352 677 1231 742">
    <p class='ocr_par' dir='ltr' id='par_1_1' title="bbox 352 677 1231 742">
     <span class='ocr_line' id='line_1_1' title="bbox 352 677 1231 742; baseline 0.005 -16"><span class='ocrx_word' id='word_1_1' title='bbox 352 692 386 742; x_wconf 81' lang='lat'>30</span> <span class='ocrx_word' id='word_1_2' title='bbox 677 677 953 730; x_wconf 80' lang='lat' dir='ltr'><em>DIRECTORIUM</em></span> <span class='ocrx_word' id='word_1_3' title='bbox 964 679 1231 730; x_wconf 85' lang='lat' dir='ltr'>SACERDOTUM.</span> 
     </span>
    </p>
   </div>
   <div class='ocr_carea' id='block_1_2' title="bbox 353 831 1520 1000">
    <p class='ocr_par' dir='ltr' id='par_1_2' title="bbox 353 831 1520 1000">
     <span class='ocr_line' id='line_1_2' title="bbox 356 831 1520 916; baseline 0 -21"><span class='ocrx_word' id='word_1_4' title='bbox 356 831 426 895; x_wconf 72' lang='lat' dir='ltr'>fiae</span> <span class='ocrx_word' id='word_1_5' title='bbox 442 832 602 895; x_wconf 91' lang='lat' dir='ltr'>memoria</span> <span class='ocrx_word' id='word_1_6' title='bbox 617 831 660 894; x_wconf 92' lang='lat' dir='ltr'>de</span> <span class='ocrx_word' id='word_1_7' title='bbox 675 840 792 894; x_wconf 88' lang='lat' dir='ltr'>sancta</span> <span class='ocrx_word' id='word_1_8' title='bbox 806 832 920 895; x_wconf 86' lang='lat' dir='ltr'>maria</span> <span class='ocrx_word' id='word_1_9' title='bbox 965 831 1023 895; x_wconf 83' lang='lat' dir='ltr'>nd</span> <span class='ocrx_word' id='word_1_10' title='bbox 1038 833 1203 896; x_wconf 90' lang='lat' dir='ltr'>secundas</span> <span class='ocrx_word' id='word_1_11' title='bbox 1214 853 1372 916; x_wconf 86' lang='lat' dir='ltr'>vesperas</span> <span class='ocrx_word' id='word_1_12' title='bbox 1386 833 1520 897; x_wconf 85' lang='lat' dir='ltr'>memoria’</span> 
     </span>
     <span class='ocr_line' id='line_1_3' title="bbox 353 917 1209 1000; baseline 0.002 -19"><span class='ocrx_word' id='word_1_13' title='bbox 353 919 396 981; x_wconf 92' lang='lat' dir='ltr'>de</span> <span class='ocrx_word' id='word_1_14' title='bbox 411 929 526 982; x_wconf 89' lang='lat' dir='ltr'>sancta</span> <span class='ocrx_word' id='word_1_15' title='bbox 543 918 675 982; x_wconf 90' lang='lat' dir='ltr'>Batilde</span> <span class='ocrx_word' id='word_1_16' title='bbox 690 918 817 1000; x_wconf 85' lang='lat' dir='ltr'>virgine</span> <span class='ocrx_word' id='word_1_17' title='bbox 832 967 840 980; x_wconf 94' lang='lat'>.</span> <span class='ocrx_word' id='word_1_18' title='bbox 856 928 890 981; x_wconf 92' lang='lat' dir='ltr'>et</span> <span class='ocrx_word' id='word_1_19' title='bbox 905 917 948 981; x_wconf 92' lang='lat' dir='ltr'>de</span> <span class='ocrx_word' id='word_1_20' title='bbox 962 930 1080 983; x_wconf 89' lang='lat' dir='ltr'>sancta</span> <span class='ocrx_word' id='word_1_21' title='bbox 1095 921 1209 983; x_wconf 87' lang='lat' dir='ltr'>maria.</span> 
     </span>
    </p>
   </div>
   <div class='ocr_carea' id='block_1_3' title="bbox 350 1046 1523 1476">
    <p class='ocr_par' dir='ltr' id='par_1_3' title="bbox 350 1046 1523 1476">
     <span class='ocr_line' id='line_1_4' title="bbox 395 1046 1520 1131; baseline -0.001 -21"><span class='ocrx_word' id='word_1_22' title='bbox 395 1053 430 1122; x_wconf 72' lang='lat' dir='ltr'>(J</span> <span class='ocrx_word' id='word_1_23' title='bbox 454 1047 550 1110; x_wconf 90' lang='lat' dir='ltr'>Feria</span> <span class='ocrx_word' id='word_1_24' title='bbox 580 1047 619 1110; x_wconf 71' lang='lat' dir='ltr'>ri.</span> <span class='ocrx_word' id='word_1_25' title='bbox 650 1047 693 1110; x_wconf 95' lang='lat' dir='ltr'>de</span> <span class='ocrx_word' id='word_1_26' title='bbox 730 1056 846 1109; x_wconf 89' lang='lat' dir='ltr'>sancta</span> <span class='ocrx_word' id='word_1_27' title='bbox 883 1046 1019 1124; x_wconf 91' lang='lat' dir='ltr'>batilde,</span> <span class='ocrx_word' id='word_1_28' title='bbox 1051 1047 1287 1112; x_wconf 87' lang='lat' dir='ltr'>Inuitatorium</span> <span class='ocrx_word' id='word_1_29' title='bbox 1325 1048 1464 1131; x_wconf 86' lang='lat' dir='ltr'><strong>simplex.</strong></span> <span class='ocrx_word' id='word_1_30' title='bbox 1490 1048 1520 1109; x_wconf 85' lang='lat' dir='ltr'>iii.</span> 
     </span>
     <span class='ocr_line' id='line_1_5' title="bbox 353 1133 1519 1216; baseline 0 -20"><span class='ocrx_word' id='word_1_31' title='bbox 353 1134 511 1197; x_wconf 88' lang='lat' dir='ltr'>lectiones</span> <span class='ocrx_word' id='word_1_32' title='bbox 525 1154 603 1197; x_wconf 91' lang='lat' dir='ltr'>cum</span> <span class='ocrx_word' id='word_1_33' title='bbox 620 1143 782 1197; x_wconf 88' lang='lat' dir='ltr'>nocturno</span> <span class='ocrx_word' id='word_1_34' title='bbox 797 1183 805 1196; x_wconf 93' lang='lat'>.</span> <span class='ocrx_word' id='word_1_35' title='bbox 820 1133 958 1197; x_wconf 89' lang='lat' dir='ltr'>tercium</span> <span class='ocrx_word' id='word_1_36' title='bbox 983 1134 1246 1216; x_wconf 85' lang='lat' dir='ltr'>Responsorium</span> <span class='ocrx_word' id='word_1_37' title='bbox 1269 1135 1417 1216; x_wconf 72' lang='lat' dir='ltr'>Regnum</span> <span class='ocrx_word' id='word_1_38' title='bbox 1430 1133 1519 1197; x_wconf 62' lang='lat' dir='ltr'>enardi</span> 
     </span>
     <span class='ocr_line' id='line_1_6' title="bbox 358 1220 1523 1304; baseline -0.003 -20"><span class='ocrx_word' id='word_1_39' title='bbox 358 1221 396 1284; x_wconf 92' lang='lat' dir='ltr'>ln</span> <span class='ocrx_word' id='word_1_40' title='bbox 412 1220 564 1284; x_wconf 85' lang='lat' dir='ltr'>laudibus</span> <span class='ocrx_word' id='word_1_41' title='bbox 583 1220 644 1283; x_wconf 91' lang='lat' dir='ltr'>hec</span> <span class='ocrx_word' id='word_1_42' title='bbox 658 1220 730 1283; x_wconf 91' lang='lat' dir='ltr'>sola</span> <span class='ocrx_word' id='word_1_43' title='bbox 756 1220 950 1304; x_wconf 88' lang='lat' dir='ltr'>antiphona,</span> <span class='ocrx_word' id='word_1_44' title='bbox 966 1221 1037 1284; x_wconf 80' lang='lat' dir='ltr'>Hec</span> <span class='ocrx_word' id='word_1_45' title='bbox 1056 1231 1105 1284; x_wconf 82' lang='lat' dir='ltr'>est</span> <span class='ocrx_word' id='word_1_46' title='bbox 1126 1222 1228 1303; x_wconf 81' lang='lat' dir='ltr'>virgo.</span> <span class='ocrx_word' id='word_1_47' title='bbox 1274 1221 1455 1304; x_wconf 88' lang='lat' dir='ltr'>Capitulum</span> <span class='ocrx_word' id='word_1_48' title='bbox 1474 1220 1523 1299; x_wconf 81' lang='lat' dir='ltr'>Qui</span> 
     </span>
     <span class='ocr_line' id='line_1_7' title="bbox 350 1307 1520 1389; baseline -0.001 -20"><span class='ocrx_word' id='word_1_49' title='bbox 350 1308 537 1389; x_wconf 73' lang='lat' dir='ltr'>gloriatur.⁸</span> <span class='ocrx_word' id='word_1_50' title='bbox 571 1308 731 1371; x_wconf 90' lang='lat' dir='ltr'>memoria</span> <span class='ocrx_word' id='word_1_51' title='bbox 761 1309 804 1372; x_wconf 91' lang='lat' dir='ltr'>de</span> <span class='ocrx_word' id='word_1_52' title='bbox 833 1317 950 1371; x_wconf 91' lang='lat' dir='ltr'>sancta</span> <span class='ocrx_word' id='word_1_53' title='bbox 981 1307 1097 1380; x_wconf 85' lang='lat' dir='ltr'>Maria,</span> <span class='ocrx_word' id='word_1_54' title='bbox 1121 1317 1154 1372; x_wconf 92' lang='lat' dir='ltr'>et</span> <span class='ocrx_word' id='word_1_55' title='bbox 1184 1309 1228 1383; x_wconf 89' lang='lat' dir='ltr'>de</span> <span class='ocrx_word' id='word_1_56' title='bbox 1258 1310 1410 1373; x_wconf 86' lang='lat' dir='ltr'>omnibus</span> <span class='ocrx_word' id='word_1_57' title='bbox 1430 1308 1520 1370; x_wconf 88' lang='lat' dir='ltr'>sanctis</span> 
     </span>
     <span class='ocr_line' id='line_1_8' title="bbox 355 1393 1520 1476; baseline -0.002 -18"><span class='ocrx_word' id='word_1_58' title='bbox 355 1394 509 1458; x_wconf 87' lang='lat' dir='ltr'>Secunde</span> <span class='ocrx_word' id='word_1_59' title='bbox 524 1414 660 1476; x_wconf 89' lang='lat' dir='ltr'>vespere</span> <span class='ocrx_word' id='word_1_60' title='bbox 675 1404 771 1458; x_wconf 90' lang='lat' dir='ltr'>erunt</span> <span class='ocrx_word' id='word_1_61' title='bbox 787 1394 830 1459; x_wconf 88' lang='lat' dir='ltr'>de</span> <span class='ocrx_word' id='word_1_62' title='bbox 844 1393 931 1458; x_wconf 84' lang='lat' dir='ltr'>sesto</span> <span class='ocrx_word' id='word_1_63' title='bbox 946 1394 1020 1473; x_wconf 89' lang='lat' dir='ltr'>loci,</span> <span class='ocrx_word' id='word_1_64' title='bbox 1030 1405 1065 1458; x_wconf 89' lang='lat' dir='ltr'>et</span> <span class='ocrx_word' id='word_1_65' title='bbox 1081 1396 1242 1458; x_wconf 89' lang='lat' dir='ltr'>memoria</span> <span class='ocrx_word' id='word_1_66' title='bbox 1257 1395 1301 1459; x_wconf 92' lang='lat' dir='ltr'>de</span> <span class='ocrx_word' id='word_1_67' title='bbox 1315 1406 1425 1459; x_wconf 88' lang='lat' dir='ltr'>sancta</span> <span class='ocrx_word' id='word_1_68' title='bbox 1437 1394 1520 1458; x_wconf 81' lang='lat' dir='ltr'>Maria</span> 
     </span>
    </p>
   </div>
   <div class='ocr_carea' id='block_1_4' title="bbox 353 1522 1522 1858">
    <p class='ocr_par' dir='ltr' id='par_1_4' title="bbox 353 1522 1522 1858">
     <span class='ocr_line' id='line_1_9' title="bbox 396 1522 1522 1599; baseline -0.002 -13"><span class='ocrx_word' id='word_1_69' title='bbox 396 1530 431 1599; x_wconf 71' lang='lat' dir='ltr'>(I</span> <span class='ocrx_word' id='word_1_70' title='bbox 454 1524 550 1587; x_wconf 86' lang='lat' dir='ltr'>Feria</span> <span class='ocrx_word' id='word_1_71' title='bbox 582 1523 633 1586; x_wconf 82' lang='lat' dir='ltr'>iii.</span> <span class='ocrx_word' id='word_1_72' title='bbox 658 1523 701 1586; x_wconf 92' lang='lat' dir='ltr'>de</span> <span class='ocrx_word' id='word_1_73' title='bbox 732 1522 816 1586; x_wconf 83' lang='lat' dir='ltr'>sesto</span> <span class='ocrx_word' id='word_1_74' title='bbox 846 1523 919 1598; x_wconf 87' lang='lat' dir='ltr'>loci,</span> <span class='ocrx_word' id='word_1_75' title='bbox 949 1533 984 1586; x_wconf 89' lang='lat' dir='ltr'>et</span> <span class='ocrx_word' id='word_1_76' title='bbox 1014 1524 1175 1586; x_wconf 90' lang='lat' dir='ltr'>memoria</span> <span class='ocrx_word' id='word_1_77' title='bbox 1205 1524 1249 1587; x_wconf 92' lang='lat' dir='ltr'>de</span> <span class='ocrx_word' id='word_1_78' title='bbox 1277 1533 1392 1588; x_wconf 90' lang='lat' dir='ltr'>sancta</span> <span class='ocrx_word' id='word_1_79' title='bbox 1420 1523 1522 1586; x_wconf 86' lang='lat' dir='ltr'>Maria.</span> 
     </span>
     <span class='ocr_line' id='line_1_10' title="bbox 356 1610 1522 1694; baseline -0.004 -19"><span class='ocrx_word' id='word_1_80' title='bbox 356 1610 509 1675; x_wconf 88' lang='lat' dir='ltr'>Secunde</span> <span class='ocrx_word' id='word_1_81' title='bbox 527 1630 663 1692; x_wconf 90' lang='lat' dir='ltr'>vespere</span> <span class='ocrx_word' id='word_1_82' title='bbox 685 1619 781 1672; x_wconf 91' lang='lat' dir='ltr'>erunt</span> <span class='ocrx_word' id='word_1_83' title='bbox 803 1610 846 1673; x_wconf 95' lang='lat' dir='ltr'>de</span> <span class='ocrx_word' id='word_1_84' title='bbox 868 1619 985 1673; x_wconf 90' lang='lat' dir='ltr'>sancta</span> <span class='ocrx_word' id='word_1_85' title='bbox 1006 1610 1143 1694; x_wconf 87' lang='lat' dir='ltr'>Brigida</span> <span class='ocrx_word' id='word_1_86' title='bbox 1157 1611 1293 1692; x_wconf 88' lang='lat' dir='ltr'>virgine,</span> <span class='ocrx_word' id='word_1_87' title='bbox 1309 1631 1375 1674; x_wconf 92' lang='lat' dir='ltr'>non</span> <span class='ocrx_word' id='word_1_88' title='bbox 1390 1621 1522 1691; x_wconf 84' lang='lat' dir='ltr'>martyre.</span> 
     </span>
     <span class='ocr_line' id='line_1_11' title="bbox 353 1695 1522 1780; baseline -0.003 -20"><span class='ocrx_word' id='word_1_89' title='bbox 353 1698 535 1779; x_wconf 88' lang='lat' dir='ltr'>antiphone</span> <span class='ocrx_word' id='word_1_90' title='bbox 549 1706 583 1760; x_wconf 92' lang='lat' dir='ltr'>et</span> <span class='ocrx_word' id='word_1_91' title='bbox 599 1696 717 1779; x_wconf 87' lang='lat' dir='ltr'>psalmi</span> <span class='ocrx_word' id='word_1_92' title='bbox 735 1696 870 1759; x_wconf 79' lang='lat' dir='ltr'>feriales</span> <span class='ocrx_word' id='word_1_93' title='bbox 916 1695 1111 1778; x_wconf 86' lang='lat' dir='ltr'>Capitulum</span> <span class='ocrx_word' id='word_1_94' title='bbox 1132 1697 1200 1776; x_wconf 83' lang='lat' dir='ltr'>Qui</span> <span class='ocrx_word' id='word_1_95' title='bbox 1207 1698 1383 1780; x_wconf 83' lang='lat' dir='ltr'>gloriatur,</span> <span class='ocrx_word' id='word_1_96' title='bbox 1398 1695 1522 1761; x_wconf 87' lang='lat' dir='ltr'>memoria</span> 
     </span>
     <span class='ocr_line' id='line_1_12' title="bbox 354 1783 1091 1858; baseline 0 -12"><span class='ocrx_word' id='word_1_97' title='bbox 354 1785 397 1846; x_wconf 92' lang='lat' dir='ltr'>de</span> <span class='ocrx_word' id='word_1_98' title='bbox 412 1794 529 1848; x_wconf 89' lang='lat' dir='ltr'>sancta</span> <span class='ocrx_word' id='word_1_99' title='bbox 546 1784 662 1858; x_wconf 80' lang='lat' dir='ltr'>Maria,</span> <span class='ocrx_word' id='word_1_100' title='bbox 678 1792 712 1847; x_wconf 92' lang='lat' dir='ltr'>et</span> <span class='ocrx_word' id='word_1_101' title='bbox 728 1784 771 1846; x_wconf 92' lang='lat' dir='ltr'>de</span> <span class='ocrx_word' id='word_1_102' title='bbox 785 1783 940 1846; x_wconf 89' lang='lat' dir='ltr'>omnibus</span> <span class='ocrx_word' id='word_1_103' title='bbox 956 1784 1091 1846; x_wconf 85' lang='lat' dir='ltr'>sanctis</span> 
     </span>
    </p>
   </div>
   <div class='ocr_carea' id='block_1_5' title="bbox 395 1907 1519 1996">
    <p class='ocr_par' dir='ltr' id='par_1_5' title="bbox 395 1907 1519 1996">
     <span class='ocr_line' id='line_1_13' title="bbox 395 1907 1519 1996; baseline -0.005 -21"><span class='ocrx_word' id='word_1_104' title='bbox 395 1919 430 1989; x_wconf 68' lang='grc' dir='ltr'>ΙΙ</span> <span class='ocrx_word' id='word_1_105' title='bbox 454 1913 549 1975; x_wconf 88' lang='lat' dir='ltr'>Feria</span> <span class='ocrx_word' id='word_1_106' title='bbox 574 1912 638 1974; x_wconf 82' lang='lat' dir='ltr'>iiii.</span> <span class='ocrx_word' id='word_1_107' title='bbox 665 1912 707 1974; x_wconf 91' lang='lat' dir='ltr'>de</span> <span class='ocrx_word' id='word_1_108' title='bbox 737 1922 853 1974; x_wconf 89' lang='lat' dir='ltr'>sancta</span> <span class='ocrx_word' id='word_1_109' title='bbox 884 1912 1029 1992; x_wconf 81' lang='lat' dir='ltr'>Brigida,</span> <span class='ocrx_word' id='word_1_110' title='bbox 1062 1913 1297 1976; x_wconf 88' lang='lat' dir='ltr'>Inuitatorium</span> <span class='ocrx_word' id='word_1_111' title='bbox 1328 1912 1461 1996; x_wconf 88' lang='lat' dir='ltr'>simplex</span> <span class='ocrx_word' id='word_1_112' title='bbox 1483 1907 1519 1971; x_wconf 86' lang='lat' dir='ltr'>iii.</span> 
     </span>
    </p>
   </div>
   <div class='ocr_carea' id='block_1_6' title="bbox 353 1999 1521 2323">
    <p class='ocr_par' dir='ltr' id='par_1_6' title="bbox 353 1999 1521 2323">
     <span class='ocr_line' id='line_1_14' title="bbox 354 1999 1521 2080; baseline -0.005 -17"><span class='ocrx_word' id='word_1_113' title='bbox 354 2000 520 2074; x_wconf 88' lang='lat' dir='ltr'>lectiones,</span> <span class='ocrx_word' id='word_1_114' title='bbox 550 2019 626 2061; x_wconf 92' lang='lat' dir='ltr'>cum</span> <span class='ocrx_word' id='word_1_115' title='bbox 657 2008 828 2062; x_wconf 91' lang='lat' dir='ltr'>nocturno.</span> <span class='ocrx_word' id='word_1_116' title='bbox 884 1999 1109 2080; x_wconf 87' lang='lat' dir='ltr'>Responsoria</span> <span class='ocrx_word' id='word_1_117' title='bbox 1141 2000 1184 2062; x_wconf 91' lang='lat' dir='ltr'>de</span> <span class='ocrx_word' id='word_1_118' title='bbox 1213 2000 1362 2063; x_wconf 91' lang='lat' dir='ltr'>secundo</span> <span class='ocrx_word' id='word_1_119' title='bbox 1387 2008 1521 2068; x_wconf 82' lang='lat' dir='ltr'>nocturno,</span> 
     </span>
     <span class='ocr_line' id='line_1_15' title="bbox 353 2082 1520 2168; baseline -0.008 -18"><span class='ocrx_word' id='word_1_120' title='bbox 353 2108 428 2150; x_wconf 92' lang='lat' dir='ltr'>cum</span> <span class='ocrx_word' id='word_1_121' title='bbox 454 2085 680 2168; x_wconf 85' lang='lat' dir='ltr'>Responsorio</span> <span class='ocrx_word' id='word_1_122' title='bbox 699 2085 818 2147; x_wconf 83' lang='lat' dir='ltr'>Induit</span> <span class='ocrx_word' id='word_1_123' title='bbox 836 2106 886 2147; x_wconf 79' lang='lat' dir='ltr'>me</span> <span class='ocrx_word' id='word_1_124' title='bbox 907 2134 914 2148; x_wconf 92' lang='lat'>.</span> <span class='ocrx_word' id='word_1_125' title='bbox 938 2087 1099 2150; x_wconf 90' lang='lat' dir='ltr'>memoria</span> <span class='ocrx_word' id='word_1_126' title='bbox 1123 2086 1166 2149; x_wconf 90' lang='lat' dir='ltr'>de</span> <span class='ocrx_word' id='word_1_127' title='bbox 1187 2095 1305 2150; x_wconf 90' lang='lat' dir='ltr'>sancta</span> <span class='ocrx_word' id='word_1_128' title='bbox 1328 2086 1431 2150; x_wconf 88' lang='lat' dir='ltr'>Maria</span> <span class='ocrx_word' id='word_1_129' title='bbox 1450 2082 1520 2147; x_wconf 92' lang='lat' dir='ltr'>etde</span> 
     </span>
     <span class='ocr_line' id='line_1_16' title="bbox 353 2171 1519 2254; baseline -0.004 -18"><span class='ocrx_word' id='word_1_130' title='bbox 353 2174 508 2236; x_wconf 91' lang='lat' dir='ltr'>omnibus</span> <span class='ocrx_word' id='word_1_131' title='bbox 524 2173 655 2235; x_wconf 88' lang='lat' dir='ltr'>sanctis.</span> <span class='ocrx_word' id='word_1_132' title='bbox 700 2171 870 2236; x_wconf 72' lang='lat' dir='ltr'>‘Secunde</span> <span class='ocrx_word' id='word_1_133' title='bbox 887 2193 1024 2254; x_wconf 90' lang='lat' dir='ltr'>vespere</span> <span class='ocrx_word' id='word_1_134' title='bbox 1039 2182 1136 2236; x_wconf 88' lang='lat' dir='ltr'>erunt</span> <span class='ocrx_word' id='word_1_135' title='bbox 1152 2173 1195 2236; x_wconf 90' lang='lat' dir='ltr'>de</span> <span class='ocrx_word' id='word_1_136' title='bbox 1211 2171 1438 2237; x_wconf 85' lang='lat' dir='ltr'>Purificatione</span> <span class='ocrx_word' id='word_1_137' title='bbox 1450 2172 1519 2234; x_wconf 84' lang='lat' dir='ltr'>beate</span> 
     </span>
     <span class='ocr_line' id='line_1_17' title="bbox 356 2262 483 2323; baseline -0.008 0"><span class='ocrx_word' id='word_1_138' title='bbox 356 2262 483 2323; x_wconf 65' lang='grc' dir='ltr'>Μειῐίε.ὅ</span> 
     </span>
    </p>
   </div>
   <div class='ocr_carea' id='block_1_7' title="bbox 395 2385 1423 2470">
    <p class='ocr_par' dir='ltr' id='par_1_7' title="bbox 395 2385 1423 2470">
     <span class='ocr_line' id='line_1_18' title="bbox 395 2385 1423 2470; baseline -0.003 -19"><span class='ocrx_word' id='word_1_139' title='bbox 395 2396 430 2466; x_wconf 68' lang='lat'>(1</span> <span class='ocrx_word' id='word_1_140' title='bbox 453 2389 550 2451; x_wconf 91' lang='lat' dir='ltr'>Feria</span> <span class='ocrx_word' id='word_1_141' title='bbox 564 2410 601 2451; x_wconf 89' lang='lat' dir='ltr'>.v.</span> <span class='ocrx_word' id='word_1_142' title='bbox 618 2388 661 2450; x_wconf 92' lang='lat' dir='ltr'>de</span> <span class='ocrx_word' id='word_1_143' title='bbox 679 2385 911 2450; x_wconf 88' lang='lat' dir='ltr'>Purificatione</span> <span class='ocrx_word' id='word_1_144' title='bbox 926 2387 1025 2451; x_wconf 89' lang='lat' dir='ltr'>beate</span> <span class='ocrx_word' id='word_1_145' title='bbox 1042 2388 1150 2451; x_wconf 92' lang='lat' dir='ltr'>Marie</span> <span class='ocrx_word' id='word_1_146' title='bbox 1166 2388 1274 2451; x_wconf 84' lang='lat' dir='ltr'>maius</span> <span class='ocrx_word' id='word_1_147' title='bbox 1290 2387 1423 2470; x_wconf 86' lang='lat' dir='ltr'>duplex.</span> 
     </span>
    </p>
   </div>
   <div class='ocr_carea' id='block_1_8' title="bbox 352 2508 1523 2860">
    <p class='ocr_par' dir='ltr' id='par_1_8' title="bbox 352 2508 1523 2860">
     <span class='ocr_line' id='line_1_19' title="bbox 395 2508 1521 2595; baseline -0.008 -14"><span class='ocrx_word' id='word_1_148' title='bbox 395 2525 429 2595; x_wconf 70' lang='lat' dir='ltr'>(I</span> <span class='ocrx_word' id='word_1_149' title='bbox 453 2518 615 2582; x_wconf 87' lang='lat' dir='ltr'>Sacerdos</span> <span class='ocrx_word' id='word_1_150' title='bbox 642 2517 704 2579; x_wconf 88' lang='lat' dir='ltr'>hac</span> <span class='ocrx_word' id='word_1_151' title='bbox 730 2516 785 2579; x_wconf 90' lang='lat' dir='ltr'>die</span> <span class='ocrx_word' id='word_1_152' title='bbox 811 2516 1011 2580; x_wconf 89' lang='lat' dir='ltr'>benedicens</span> <span class='ocrx_word' id='word_1_153' title='bbox 1038 2536 1151 2581; x_wconf 91' lang='lat' dir='ltr'>cereos</span> <span class='ocrx_word' id='word_1_154' title='bbox 1163 2510 1247 2580; x_wconf 79' lang='lat' dir='ltr'>&#39;siue</span> <span class='ocrx_word' id='word_1_155' title='bbox 1273 2517 1426 2581; x_wconf 89' lang='lat' dir='ltr'>candelas</span> <span class='ocrx_word' id='word_1_156' title='bbox 1447 2508 1521 2579; x_wconf 84' lang='lat' dir='ltr'>stabit</span> 
     </span>
     <span class='ocr_line' id='line_1_20' title="bbox 353 2592 1522 2686; baseline -0.002 -18"><span class='ocrx_word' id='word_1_157' title='bbox 353 2625 529 2668; x_wconf 89' lang='lat' dir='ltr'>conuersus</span> <span class='ocrx_word' id='word_1_158' title='bbox 542 2604 585 2666; x_wconf 91' lang='lat' dir='ltr'>ad</span> <span class='ocrx_word' id='word_1_159' title='bbox 600 2604 761 2666; x_wconf 87' lang='lat' dir='ltr'>orientem</span> <span class='ocrx_word' id='word_1_160' title='bbox 779 2623 884 2686; x_wconf 88' lang='lat' dir='ltr'>vsque</span> <span class='ocrx_word' id='word_1_161' title='bbox 899 2605 941 2667; x_wconf 92' lang='lat' dir='ltr'>ad</span> <span class='ocrx_word' id='word_1_162' title='bbox 955 2603 1065 2680; x_wconf 90' lang='lat' dir='ltr'>finem,</span> <span class='ocrx_word' id='word_1_163' title='bbox 1081 2605 1265 2667; x_wconf 91' lang='lat' dir='ltr'>secundum</span> <span class='ocrx_word' id='word_1_164' title='bbox 1283 2603 1448 2667; x_wconf 67' lang='lat' dir='ltr'>ordinale⁶</span> <span class='ocrx_word' id='word_1_165' title='bbox 1483 2592 1522 2660; x_wconf 78' lang='lat' dir='ltr'>lld</span> 
     </span>
     <span class='ocr_line' id='line_1_21' title="bbox 353 2677 1523 2774; baseline -0.007 -19"><span class='ocrx_word' id='word_1_166' title='bbox 353 2702 509 2774; x_wconf 91' lang='lat' dir='ltr'>vtrasque</span> <span class='ocrx_word' id='word_1_167' title='bbox 538 2711 691 2773; x_wconf 87' lang='lat' dir='ltr'>vesperas</span> <span class='ocrx_word' id='word_1_168' title='bbox 721 2690 841 2753; x_wconf 88' lang='lat' dir='ltr'>dicitur</span> <span class='ocrx_word' id='word_1_169' title='bbox 872 2691 1031 2772; x_wconf 88' lang='lat' dir='ltr'>Hymnus</span> <span class='ocrx_word' id='word_1_170' title='bbox 1060 2690 1158 2768; x_wconf 81' lang='lat' dir='ltr'>Quod</span> <span class='ocrx_word' id='word_1_171' title='bbox 1182 2689 1298 2753; x_wconf 78' lang='lat' dir='ltr'>chorus</span> <span class='ocrx_word' id='word_1_172' title='bbox 1320 2702 1439 2755; x_wconf 81' lang='lat' dir='ltr'>vatum.</span> <span class='ocrx_word' id='word_1_173' title='bbox 1482 2677 1523 2747; x_wconf 79' lang='lat' dir='ltr'>Ad</span> 
     </span>
     <span class='ocr_line' id='line_1_22' title="bbox 352 2775 1382 2860; baseline -0.001 -18"><span class='ocrx_word' id='word_1_174' title='bbox 352 2781 515 2843; x_wconf 90' lang='lat' dir='ltr'>secundas</span> <span class='ocrx_word' id='word_1_175' title='bbox 530 2797 684 2860; x_wconf 89' lang='lat' dir='ltr'>vesperas</span> <span class='ocrx_word' id='word_1_176' title='bbox 701 2777 790 2841; x_wconf 91' lang='lat' dir='ltr'>nulla</span> <span class='ocrx_word' id='word_1_177' title='bbox 807 2775 876 2841; x_wconf 80' lang='lat' dir='ltr'>het⁷</span> <span class='ocrx_word' id='word_1_178' title='bbox 892 2779 1052 2841; x_wconf 90' lang='lat' dir='ltr'>memoria</span> <span class='ocrx_word' id='word_1_179' title='bbox 1068 2777 1110 2840; x_wconf 91' lang='lat' dir='ltr'>de</span> <span class='ocrx_word' id='word_1_180' title='bbox 1125 2787 1243 2841; x_wconf 89' lang='lat' dir='ltr'>sancto</span> <span class='ocrx_word' id='word_1_181' title='bbox 1261 2778 1382 2842; x_wconf 90' lang='lat' dir='ltr'>Blasio.</span> 
     </span>
    </p>
   </div>
   <div class='ocr_carea' id='block_1_9' title="bbox 353 2901 1564 3335">
    <p class='ocr_par' dir='ltr' id='par_1_9' title="bbox 353 2901 1564 3335">
     <span class='ocr_line' id='line_1_23' title="bbox 395 2901 1538 2989; baseline -0.004 -19"><span class='ocrx_word' id='word_1_182' title='bbox 395 2914 430 2984; x_wconf 69' lang='grc' dir='ltr'>ΙΙ</span> <span class='ocrx_word' id='word_1_183' title='bbox 453 2909 548 2971; x_wconf 91' lang='lat' dir='ltr'>Feria</span> <span class='ocrx_word' id='word_1_184' title='bbox 559 2908 609 2969; x_wconf 87' lang='lat' dir='ltr'>.vi.</span> <span class='ocrx_word' id='word_1_185' title='bbox 620 2906 663 2968; x_wconf 91' lang='lat' dir='ltr'>de</span> <span class='ocrx_word' id='word_1_186' title='bbox 677 2917 794 2969; x_wconf 88' lang='lat' dir='ltr'>sancto</span> <span class='ocrx_word' id='word_1_187' title='bbox 811 2906 922 2969; x_wconf 90' lang='lat' dir='ltr'>Blasio</span> <span class='ocrx_word' id='word_1_188' title='bbox 933 2908 1090 2989; x_wconf 91' lang='lat' dir='ltr'>episcopo</span> <span class='ocrx_word' id='word_1_189' title='bbox 1106 2917 1139 2969; x_wconf 92' lang='lat' dir='ltr'>et</span> <span class='ocrx_word' id='word_1_190' title='bbox 1156 2918 1309 2987; x_wconf 78' lang='lat' dir='ltr'>martyre,</span> <span class='ocrx_word' id='word_1_191' title='bbox 1323 2901 1538 2970; x_wconf 80' lang='lat' dir='ltr'>Inuitatorium</span> 
     </span>
     <span class='ocr_line' id='line_1_24' title="bbox 353 2983 1546 3077; baseline -0.001 -20"><span class='ocrx_word' id='word_1_192' title='bbox 353 2995 495 3077; x_wconf 84' lang='lat' dir='ltr'>simplex</span> <span class='ocrx_word' id='word_1_193' title='bbox 512 2996 561 3057; x_wconf 86' lang='lat' dir='ltr'>.iii.</span> <span class='ocrx_word' id='word_1_194' title='bbox 578 2994 736 3056; x_wconf 90' lang='lat' dir='ltr'>lectiones</span> <span class='ocrx_word' id='word_1_195' title='bbox 752 3013 826 3055; x_wconf 91' lang='lat' dir='ltr'>cum</span> <span class='ocrx_word' id='word_1_196' title='bbox 844 3005 1013 3056; x_wconf 90' lang='lat' dir='ltr'>nocturno.</span> <span class='ocrx_word' id='word_1_197' title='bbox 1059 2992 1251 3076; x_wconf 87' lang='lat' dir='ltr'>Capitulum</span> <span class='ocrx_word' id='word_1_198' title='bbox 1271 2993 1390 3057; x_wconf 84' lang='lat' dir='ltr'>Omnis</span> <span class='ocrx_word' id='word_1_199' title='bbox 1396 2983 1546 3075; x_wconf 57' lang='lat' dir='ltr'>pontifex·</span> 
     </span>
     <span class='ocr_line' id='line_1_25' title="bbox 355 3077 1556 3163; baseline -0.002 -19"><span class='ocrx_word' id='word_1_200' title='bbox 355 3083 513 3144; x_wconf 86' lang='lat' dir='ltr'>memoria</span> <span class='ocrx_word' id='word_1_201' title='bbox 529 3082 571 3143; x_wconf 91' lang='lat' dir='ltr'>de</span> <span class='ocrx_word' id='word_1_202' title='bbox 585 3091 702 3143; x_wconf 88' lang='lat' dir='ltr'>sancta</span> <span class='ocrx_word' id='word_1_203' title='bbox 716 3081 847 3142; x_wconf 81' lang='lat' dir='ltr'>Maria.⁸</span> <span class='ocrx_word' id='word_1_204' title='bbox 877 3081 982 3142; x_wconf 79' lang='lat' dir='ltr'>Beata</span> <span class='ocrx_word' id='word_1_205' title='bbox 994 3090 1105 3143; x_wconf 79' lang='lat' dir='ltr'>mater.</span> <span class='ocrx_word' id='word_1_206' title='bbox 1123 3081 1304 3144; x_wconf 85' lang='lat' dir='ltr'>versiculus</span> <span class='ocrx_word' id='word_1_207' title='bbox 1321 3081 1403 3144; x_wconf 84' lang='lat' dir='ltr'>Post</span> <span class='ocrx_word' id='word_1_208' title='bbox 1408 3077 1556 3163; x_wconf 52' lang='lat' dir='ltr'>partum·</span> 
     </span>
     <span class='ocr_line' id='line_1_26' title="bbox 354 3160 1564 3233; baseline -0.001 -1"><span class='ocrx_word' id='word_1_209' title='bbox 354 3169 470 3233; x_wconf 89' lang='lat' dir='ltr'>Oratio</span> <span class='ocrx_word' id='word_1_210' title='bbox 515 3168 727 3230; x_wconf 83' lang='lat' dir='ltr'>Famulorum</span> <span class='ocrx_word' id='word_1_211' title='bbox 764 3178 893 3229; x_wconf 84' lang='lat' dir='ltr'>luorum</span> <span class='ocrx_word' id='word_1_212' title='bbox 908 3169 928 3229; x_wconf 79' lang='lat'>:⁹</span> <span class='ocrx_word' id='word_1_213' title='bbox 974 3168 1095 3230; x_wconf 90' lang='lat' dir='ltr'>deinde</span> <span class='ocrx_word' id='word_1_214' title='bbox 1133 3169 1175 3229; x_wconf 90' lang='lat' dir='ltr'>de</span> <span class='ocrx_word' id='word_1_215' title='bbox 1220 3167 1377 3231; x_wconf 90' lang='lat' dir='ltr'>omnibus</span> <span class='ocrx_word' id='word_1_216' title='bbox 1423 3160 1564 3231; x_wconf 60' lang='grc' dir='ltr'>εειῐιῦῗ151</span> 
     </span>
     <span class='ocr_line' id='line_1_27' title="bbox 355 3253 1501 3335; baseline -0.001 -17"><span class='ocrx_word' id='word_1_217' title='bbox 355 3255 507 3319; x_wconf 90' lang='lat' dir='ltr'>Secunde</span> <span class='ocrx_word' id='word_1_218' title='bbox 522 3274 659 3335; x_wconf 89' lang='lat' dir='ltr'>vespere</span> <span class='ocrx_word' id='word_1_219' title='bbox 675 3265 771 3316; x_wconf 86' lang='lat' dir='ltr'>erunt</span> <span class='ocrx_word' id='word_1_220' title='bbox 787 3256 829 3317; x_wconf 90' lang='lat' dir='ltr'>de</span> <span class='ocrx_word' id='word_1_221' title='bbox 846 3265 961 3317; x_wconf 91' lang='lat' dir='ltr'>sancta</span> <span class='ocrx_word' id='word_1_222' title='bbox 980 3254 1096 3329; x_wconf 89' lang='lat' dir='ltr'>Maria,</span> <span class='ocrx_word' id='word_1_223' title='bbox 1113 3254 1185 3317; x_wconf 87' lang='lat' dir='ltr'>sine</span> <span class='ocrx_word' id='word_1_224' title='bbox 1200 3253 1312 3335; x_wconf 88' lang='lat' dir='ltr'>aliqua</span> <span class='ocrx_word' id='word_1_225' title='bbox 1328 3256 1501 3318; x_wconf 88' lang='lat' dir='ltr'>memoria·</span> 
     </span>
    </p>
   </div>
   <div class='ocr_carea' id='block_1_10' title="bbox 353 3371 1564 3814">
    <p class='ocr_par' dir='ltr' id='par_1_10' title="bbox 353 3371 1564 3814">
     <span class='ocr_line' id='line_1_28' title="bbox 397 3371 1564 3474; baseline -0.002 -27"><span class='ocrx_word' id='word_1_226' title='bbox 397 3391 431 3460; x_wconf 67' lang='grc' dir='ltr'>(Ι</span> <span class='ocrx_word' id='word_1_227' title='bbox 455 3384 613 3454; x_wconf 82' lang='lat' dir='ltr'>Sabbat0,</span> <span class='ocrx_word' id='word_1_228' title='bbox 629 3383 671 3445; x_wconf 90' lang='lat' dir='ltr'>de</span> <span class='ocrx_word' id='word_1_229' title='bbox 687 3383 811 3445; x_wconf 88' lang='lat' dir='ltr'>beata¹⁰</span> <span class='ocrx_word' id='word_1_230' title='bbox 823 3383 938 3455; x_wconf 86' lang='lat' dir='ltr'>Maria,</span> <span class='ocrx_word' id='word_1_231' title='bbox 949 3394 982 3445; x_wconf 90' lang='lat' dir='ltr'>et</span> <span class='ocrx_word' id='word_1_232' title='bbox 999 3382 1091 3445; x_wconf 89' lang='lat' dir='ltr'>nulla</span> <span class='ocrx_word' id='word_1_233' title='bbox 1107 3384 1288 3445; x_wconf 84' lang='lat' dir='ltr'>memoria:</span> <span class='ocrx_word' id='word_1_234' title='bbox 1305 3382 1373 3446; x_wconf 88' lang='lat' dir='ltr'>Vbi</span> <span class='ocrx_word' id='word_1_235' title='bbox 1391 3383 1473 3446; x_wconf 85' lang='lat' dir='ltr'>hunt</span> <span class='ocrx_word' id='word_1_236' title='bbox 1491 3371 1564 3474; x_wconf 56' lang='lat' dir='ltr'>ts}</span> 
     </span>
     <span class='ocr_line' id='line_1_29' title="bbox 353 3469 1564 3545; baseline -0.002 -13"><span class='ocrx_word' id='word_1_237' title='bbox 353 3471 687 3534; x_wconf 86' lang='lat' dir='ltr'>commemorationes</span> <span class='ocrx_word' id='word_1_238' title='bbox 703 3471 734 3531; x_wconf 88' lang='lat' dir='ltr'>in</span> <span class='ocrx_word' id='word_1_239' title='bbox 751 3471 790 3532; x_wconf 91' lang='lat' dir='ltr'>.ii.</span> <span class='ocrx_word' id='word_1_240' title='bbox 806 3469 886 3532; x_wconf 87' lang='lat' dir='ltr'>feria</span> <span class='ocrx_word' id='word_1_241' title='bbox 902 3470 964 3532; x_wconf 89' lang='lat' dir='ltr'>erit</span> <span class='ocrx_word' id='word_1_242' title='bbox 979 3490 1045 3533; x_wconf 90' lang='lat' dir='ltr'>vna</span> <span class='ocrx_word' id='word_1_243' title='bbox 1067 3471 1351 3545; x_wconf 67' lang='lat' dir='ltr'>commemoratio</span> <span class='ocrx_word' id='word_1_244' title='bbox 1368 3481 1403 3534; x_wconf 92' lang='lat' dir='ltr'>et</span> <span class='ocrx_word' id='word_1_245' title='bbox 1418 3480 1508 3533; x_wconf 84' lang='lat' dir='ltr'>tunc</span> <span class='ocrx_word' id='word_1_246' title='bbox 1548 3477 1564 3500; x_wconf 80' lang='lat'><strong><em>⁴</em></strong></span> 
     </span>
     <span class='ocr_line' id='line_1_30' title="bbox 354 3538 1564 3640; baseline -0.004 -19"><span class='ocrx_word' id='word_1_247' title='bbox 354 3579 507 3640; x_wconf 87' lang='lat' dir='ltr'>vesperas</span> <span class='ocrx_word' id='word_1_248' title='bbox 522 3558 564 3620; x_wconf 91' lang='lat' dir='ltr'>de</span> <span class='ocrx_word' id='word_1_249' title='bbox 581 3557 636 3619; x_wconf 91' lang='lat' dir='ltr'>illa</span> <span class='ocrx_word' id='word_1_250' title='bbox 651 3557 968 3619; x_wconf 89' lang='lat' dir='ltr'>commemoratione</span> <span class='ocrx_word' id='word_1_251' title='bbox 985 3555 1040 3619; x_wconf 89' lang='lat' dir='ltr'>fiet</span> <span class='ocrx_word' id='word_1_252' title='bbox 1057 3557 1215 3619; x_wconf 90' lang='lat' dir='ltr'>memoria</span> <span class='ocrx_word' id='word_1_253' title='bbox 1233 3557 1275 3619; x_wconf 92' lang='lat' dir='ltr'>de</span> <span class='ocrx_word' id='word_1_254' title='bbox 1290 3567 1406 3620; x_wconf 88' lang='lat' dir='ltr'>sancta</span> <span class='ocrx_word' id='word_1_255' title='bbox 1424 3538 1564 3620; x_wconf 81' lang='lat' dir='ltr'>Batil‘</span> 
     </span>
     <span class='ocr_line' id='line_1_31' title="bbox 353 3626 1564 3721; baseline -0.002 -13"><span class='ocrx_word' id='word_1_256' title='bbox 353 3647 395 3708; x_wconf 86' lang='lat' dir='ltr'>de</span> <span class='ocrx_word' id='word_1_257' title='bbox 418 3646 593 3721; x_wconf 87' lang='lat' dir='ltr'>dominica,</span> <span class='ocrx_word' id='word_1_258' title='bbox 608 3655 641 3707; x_wconf 90' lang='lat' dir='ltr'>et</span> <span class='ocrx_word' id='word_1_259' title='bbox 657 3645 699 3706; x_wconf 90' lang='lat' dir='ltr'>de</span> <span class='ocrx_word' id='word_1_260' title='bbox 715 3654 830 3707; x_wconf 88' lang='lat' dir='ltr'>sancta</span> <span class='ocrx_word' id='word_1_261' title='bbox 850 3644 957 3706; x_wconf 90' lang='lat' dir='ltr'>Maria</span> <span class='ocrx_word' id='word_1_262' title='bbox 972 3695 978 3708; x_wconf 92' lang='lat'>.</span> <span class='ocrx_word' id='word_1_263' title='bbox 996 3653 1029 3706; x_wconf 91' lang='lat' dir='ltr'>et</span> <span class='ocrx_word' id='word_1_264' title='bbox 1052 3652 1131 3706; x_wconf 91' lang='lat' dir='ltr'>tunc</span> <span class='ocrx_word' id='word_1_265' title='bbox 1154 3644 1186 3705; x_wconf 91' lang='lat' dir='ltr'>in</span> <span class='ocrx_word' id='word_1_266' title='bbox 1208 3643 1271 3706; x_wconf 82' lang='lat' dir='ltr'>iiii.</span> <span class='ocrx_word' id='word_1_267' title='bbox 1297 3641 1379 3706; x_wconf 80' lang='lat' dir='ltr'>feria</span> <span class='ocrx_word' id='word_1_268' title='bbox 1403 3626 1564 3707; x_wconf 66' lang='lat' dir='ltr'>dicun*</span> 
     </span>
     <span class='ocr_line' id='line_1_32' title="bbox 355 3732 946 3814; baseline -0.002 -20"><span class='ocrx_word' id='word_1_269' title='bbox 355 3732 580 3814; x_wconf 87' lang='lat' dir='ltr'>Responsoria</span> <span class='ocrx_word' id='word_1_270' title='bbox 596 3732 638 3794; x_wconf 91' lang='lat' dir='ltr'>de</span> <span class='ocrx_word' id='word_1_271' title='bbox 653 3732 760 3813; x_wconf 92' lang='lat' dir='ltr'>primo</span> <span class='ocrx_word' id='word_1_272' title='bbox 777 3740 946 3793; x_wconf 77' lang='lat' dir='ltr'>nocturno,</span> 
     </span>
    </p>
   </div>
   <div class='ocr_carea' id='block_1_11' title="bbox 352 3992 1564 4649">
    <p class='ocr_par' dir='ltr' id='par_1_11' title="bbox 386 3992 1404 4059">
     <span class='ocr_line' id='line_1_33' title="bbox 386 3992 1404 4059; baseline 0.001 -15"><span class='ocrx_word' id='word_1_273' title='bbox 386 3995 395 4026; x_wconf 88' lang='lat'>¹</span> <span class='ocrx_word' id='word_1_274' title='bbox 413 3997 471 4045; x_wconf 86' lang='lat' dir='ltr'>fiet:</span> <span class='ocrx_word' id='word_1_275' title='bbox 489 3996 529 4058; x_wconf 92' lang='lat'>87,</span> <span class='ocrx_word' id='word_1_276' title='bbox 543 3997 582 4046; x_wconf 82' lang='grc'>88.</span> <span class='ocrx_word' id='word_1_277' title='bbox 976 3992 987 4024; x_wconf 67' lang='lat'>&#39;³</span> <span class='ocrx_word' id='word_1_278' title='bbox 1003 3994 1046 4044; x_wconf 84' lang='lat' dir='ltr'>fiet</span> <span class='ocrx_word' id='word_1_279' title='bbox 1062 3995 1139 4059; x_wconf 83' lang='lat' dir='ltr'>before</span> <span class='ocrx_word' id='word_1_280' title='bbox 1150 3995 1290 4044; x_wconf 89' lang='lat' dir='ltr'>memoria:</span> <span class='ocrx_word' id='word_1_281' title='bbox 1309 3994 1349 4056; x_wconf 86' lang='lat'>87,</span> <span class='ocrx_word' id='word_1_282' title='bbox 1363 3995 1404 4045; x_wconf 83' lang='lat'>88.</span> 
     </span>
    </p>

    <p class='ocr_par' dir='ltr' id='par_1_12' title="bbox 353 4054 1564 4240">
     <span class='ocr_line' id='line_1_34' title="bbox 384 4054 1564 4124; baseline -0.001 -15"><span class='ocrx_word' id='word_1_283' title='bbox 384 4060 395 4090; x_wconf 89' lang='lat'><strong>³</strong></span> <span class='ocrx_word' id='word_1_284' title='bbox 412 4063 443 4111; x_wconf 88' lang='lat' dir='ltr'>R.</span> <span class='ocrx_word' id='word_1_285' title='bbox 464 4064 586 4124; x_wconf 63' lang='lat' dir='ltr'>qunum,</span> <span class='ocrx_word' id='word_1_286' title='bbox 598 4063 672 4110; x_wconf 69' lang='lat' dir='ltr'>Baro.</span> <span class='ocrx_word' id='word_1_287' title='bbox 683 4063 740 4110; x_wconf 87' lang='lat' dir='ltr'>Sar.</span> <span class='ocrx_word' id='word_1_288' title='bbox 754 4059 780 4109; x_wconf 90' lang='lat' dir='ltr'>ii.</span> <span class='ocrx_word' id='word_1_289' title='bbox 794 4071 851 4121; x_wconf 80' lang='lat'>447.</span> <span class='ocrx_word' id='word_1_290' title='bbox 896 4062 958 4110; x_wconf 85' lang='lat' dir='ltr'>Ant.</span> <span class='ocrx_word' id='word_1_291' title='bbox 974 4061 1026 4109; x_wconf 74' lang='lat' dir='ltr'>Her</span> <span class='ocrx_word' id='word_1_292' title='bbox 1037 4068 1073 4108; x_wconf 84' lang='lat' dir='ltr'>cst</span> <span class='ocrx_word' id='word_1_293' title='bbox 1088 4062 1159 4123; x_wconf 79' lang='lat' dir='ltr'>virgo</span> <span class='ocrx_word' id='word_1_294' title='bbox 1170 4062 1277 4119; x_wconf 68' lang='lat' dir='ltr'>snpr&#39;cns,</span> <span class='ocrx_word' id='word_1_295' title='bbox 1292 4061 1369 4110; x_wconf 75' lang='lat' dir='ltr'>Brcv.</span> <span class='ocrx_word' id='word_1_296' title='bbox 1383 4063 1442 4111; x_wconf 83' lang='lat' dir='ltr'>Sar.</span> <span class='ocrx_word' id='word_1_297' title='bbox 1457 4061 1483 4110; x_wconf 85' lang='lat' dir='ltr'>ii.</span> <span class='ocrx_word' id='word_1_298' title='bbox 1496 4054 1564 4108; x_wconf 54' lang='grc' dir='ltr'><em>Δ</em></span> 
     </span>
     <span class='ocr_line' id='line_1_35' title="bbox 353 4125 1473 4240; baseline 0.003 -67"><span class='ocrx_word' id='word_1_299' title='bbox 353 4127 416 4220; x_wconf 82' lang='lat' dir='ltr'>Cap.</span> <span class='ocrx_word' id='word_1_300' title='bbox 427 4127 627 4240; x_wconf 41' lang='lat' dir='ltr'>“Quiglorp&#39;atrgg.</span> <span class='ocrx_word' id='word_1_301' title='bbox 641 4128 715 4176; x_wconf 77' lang='lat' dir='ltr'>Brcv.</span> <span class='ocrx_word' id='word_1_302' title='bbox 731 4128 788 4175; x_wconf 84' lang='lat' dir='ltr'>Sar.</span> <span class='ocrx_word' id='word_1_303' title='bbox 803 4126 829 4174; x_wconf 92' lang='lat' dir='ltr'>ii.</span> <span class='ocrx_word' id='word_1_304' title='bbox 844 4136 901 4189; x_wconf 81' lang='lat'>450.</span> <span class='ocrx_word' id='word_1_305' title='bbox 939 4127 969 4175; x_wconf 88' lang='lat' dir='ltr'>R.</span> <span class='ocrx_word' id='word_1_306' title='bbox 985 4126 1085 4185; x_wconf 82' lang='lat' dir='ltr'>Induit,</span> <span class='ocrx_word' id='word_1_307' title='bbox 1098 4126 1173 4174; x_wconf 81' lang='lat' dir='ltr'>Brev.</span> <span class='ocrx_word' id='word_1_308' title='bbox 1188 4127 1245 4174; x_wconf 87' lang='lat' dir='ltr'>Sar.</span> <span class='ocrx_word' id='word_1_309' title='bbox 1261 4125 1287 4176; x_wconf 91' lang='lat' dir='ltr'>ii.</span> <span class='ocrx_word' id='word_1_310' title='bbox 1301 4140 1351 4189; x_wconf 80' lang='lat'>444</span> <span class='ocrx_word' id='word_1_311' title='bbox 1362 4143 1370 4185; x_wconf 89' lang='lat'>;</span> <span class='ocrx_word' id='word_1_312' title='bbox 1382 4126 1417 4175; x_wconf 90' lang='lat' dir='ltr'>iii.</span> <span class='ocrx_word' id='word_1_313' title='bbox 1433 4126 1473 4188; x_wconf 88' lang='lat'>89.</span> 
     </span>
    </p>

    <p class='ocr_par' dir='ltr' id='par_1_13' title="bbox 395 4208 629 4249">
     <span class='ocr_line' id='line_1_36' title="bbox 395 4208 629 4249; baseline 0.013 -12"><span class='ocrx_word' id='word_1_314' title='bbox 395 4219 427 4226; x_wconf 96' lang='lat'>-</span> <span class='ocrx_word' id='word_1_315' title='bbox 467 4208 518 4240; x_wconf 74' lang='lat' dir='ltr'>nn:</span> <span class='ocrx_word' id='word_1_316' title='bbox 569 4229 575 4249; x_wconf 79' lang='grc'>,</span> <span class='ocrx_word' id='word_1_317' title='bbox 624 4230 629 4240; x_wconf 93' lang='grc'>.</span> 
     </span>
    </p>

    <p class='ocr_par' dir='ltr' id='par_1_14' title="bbox 353 4204 1545 4386">
     <span class='ocr_line' id='line_1_37' title="bbox 384 4204 1545 4321; baseline -0.002 -17"><span class='ocrx_word' id='word_1_318' title='bbox 384 4204 683 4307; x_wconf 56' lang='grc' dir='ltr'>θειίιῒιιιίηηιζνιίίηαῶε</span> <span class='ocrx_word' id='word_1_319' title='bbox 697 4256 735 4306; x_wconf 81' lang='lat' dir='ltr'>Cf.</span> <span class='ocrx_word' id='word_1_320' title='bbox 749 4256 1086 4320; x_wconf 68' lang='lat' dir='ltr'>Descrrsorr&#39;umDircctorr&#39;r&#39;‚</span> <span class='ocrx_word' id='word_1_321' title='bbox 1099 4272 1121 4305; x_wconf 85' lang='lat' dir='ltr'>c.</span> <span class='ocrx_word' id='word_1_322' title='bbox 1135 4268 1175 4316; x_wconf 88' lang='lat'>21,</span> <span class='ocrx_word' id='word_1_323' title='bbox 1192 4268 1228 4305; x_wconf 92' lang='lat'>10.</span> <span class='ocrx_word' id='word_1_324' title='bbox 1277 4257 1352 4306; x_wconf 77' lang='lat' dir='ltr'>Crede</span> <span class='ocrx_word' id='word_1_325' title='bbox 1363 4257 1481 4321; x_wconf 64' lang='lat' dir='ltr'>Mehi5</span> <span class='ocrx_word' id='word_1_326' title='bbox 1509 4253 1545 4302; x_wconf 77' lang='lat'><em>1</em></span> 
     </span>
     <span class='ocr_line' id='line_1_38' title="bbox 353 4320 999 4386; baseline 0 -16"><span class='ocrx_word' id='word_1_327' title='bbox 353 4321 393 4381; x_wconf 88' lang='lat'>67.</span> <span class='ocrx_word' id='word_1_328' title='bbox 431 4323 526 4386; x_wconf 86' lang='lat' dir='ltr'>llymn.</span> <span class='ocrx_word' id='word_1_329' title='bbox 540 4323 614 4382; x_wconf 76' lang='lat' dir='ltr'>Orcod</span> <span class='ocrx_word' id='word_1_330' title='bbox 622 4324 715 4371; x_wconf 77' lang='lat' dir='ltr'>chorus.</span> <span class='ocrx_word' id='word_1_331' title='bbox 730 4323 806 4371; x_wconf 79' lang='lat' dir='ltr'>Brcu.</span> <span class='ocrx_word' id='word_1_332' title='bbox 821 4324 878 4370; x_wconf 84' lang='lat' dir='ltr'>Sar.</span> <span class='ocrx_word' id='word_1_333' title='bbox 893 4320 928 4370; x_wconf 87' lang='lat' dir='ltr'>iii.</span> <span class='ocrx_word' id='word_1_334' title='bbox 945 4334 999 4383; x_wconf 84' lang='lat'>131.</span> 
     </span>
    </p>

    <p class='ocr_par' dir='ltr' id='par_1_15' title="bbox 385 4384 1235 4447">
     <span class='ocr_line' id='line_1_39' title="bbox 385 4384 1235 4447; baseline 0 -13"><span class='ocrx_word' id='word_1_335' title='bbox 385 4386 530 4447; x_wconf 77' lang='lat' dir='ltr'>⁷fiat:87‚</span> <span class='ocrx_word' id='word_1_336' title='bbox 543 4386 582 4436; x_wconf 89' lang='lat'>88.</span> <span class='ocrx_word' id='word_1_337' title='bbox 944 4384 1183 4445; x_wconf 79' lang='lat' dir='ltr'>³Ant.:add.87,</span> <span class='ocrx_word' id='word_1_338' title='bbox 1196 4384 1235 4435; x_wconf 91' lang='lat'>88.</span> 
     </span>
    </p>

    <p class='ocr_par' dir='ltr' id='par_1_16' title="bbox 352 4437 1564 4581">
     <span class='ocr_line' id='line_1_40' title="bbox 384 4437 1564 4517; baseline 0.001 -16"><span class='ocrx_word' id='word_1_339' title='bbox 384 4450 473 4516; x_wconf 82' lang='lat' dir='ltr'>⁹Cap.</span> <span class='ocrx_word' id='word_1_340' title='bbox 496 4453 584 4500; x_wconf 83' lang='lat' dir='ltr'>Omnis</span> <span class='ocrx_word' id='word_1_341' title='bbox 600 4453 721 4517; x_wconf 71' lang='lat' dir='ltr'>potitifcx,</span> <span class='ocrx_word' id='word_1_342' title='bbox 740 4453 816 4501; x_wconf 75' lang='lat' dir='ltr'>Brea.</span> <span class='ocrx_word' id='word_1_343' title='bbox 831 4453 889 4500; x_wconf 85' lang='lat' dir='ltr'>Sar.</span> <span class='ocrx_word' id='word_1_344' title='bbox 910 4451 935 4500; x_wconf 87' lang='lat' dir='ltr'>ii.</span> <span class='ocrx_word' id='word_1_345' title='bbox 954 4450 1012 4515; x_wconf 78' lang='lat'>386.</span> <span class='ocrx_word' id='word_1_346' title='bbox 1047 4453 1108 4500; x_wconf 89' lang='lat' dir='ltr'>Ant.</span> <span class='ocrx_word' id='word_1_347' title='bbox 1130 4451 1209 4499; x_wconf 73' lang='lat' dir='ltr'>Beata</span> <span class='ocrx_word' id='word_1_348' title='bbox 1225 4458 1313 4507; x_wconf 79' lang='lat' dir='ltr'>mater.</span> <span class='ocrx_word' id='word_1_349' title='bbox 1327 4450 1354 4501; x_wconf 85' lang='lat' dir='ltr'>ii.</span> <span class='ocrx_word' id='word_1_350' title='bbox 1374 4464 1424 4513; x_wconf 77' lang='lat'>913</span> <span class='ocrx_word' id='word_1_351' title='bbox 1441 4452 1477 4503; x_wconf 89' lang='lat' dir='ltr'>iii.</span> <span class='ocrx_word' id='word_1_352' title='bbox 1499 4437 1564 4515; x_wconf 63' lang='lat'>7:</span> 
     </span>
     <span class='ocr_line' id='line_1_41' title="bbox 352 4513 1550 4581; baseline 0.005 -18"><span class='ocrx_word' id='word_1_353' title='bbox 352 4517 382 4565; x_wconf 84' lang='lat' dir='ltr'>V.</span> <span class='ocrx_word' id='word_1_354' title='bbox 399 4518 456 4565; x_wconf 75' lang='lat' dir='ltr'>Post</span> <span class='ocrx_word' id='word_1_355' title='bbox 463 4524 577 4578; x_wconf 78' lang='lat' dir='ltr'>partum,</span> <span class='ocrx_word' id='word_1_356' title='bbox 590 4516 616 4566; x_wconf 87' lang='lat' dir='ltr'>ii.</span> <span class='ocrx_word' id='word_1_357' title='bbox 627 4531 667 4577; x_wconf 86' lang='lat'>91,</span> <span class='ocrx_word' id='word_1_358' title='bbox 681 4529 734 4581; x_wconf 84' lang='grc'><strong>515.</strong></span> <span class='ocrx_word' id='word_1_359' title='bbox 771 4518 816 4567; x_wconf 92' lang='lat' dir='ltr'>Or.</span> <span class='ocrx_word' id='word_1_360' title='bbox 831 4518 1007 4575; x_wconf 82' lang='lat' dir='ltr'>Famulorum,</span> <span class='ocrx_word' id='word_1_361' title='bbox 1018 4516 1043 4566; x_wconf 87' lang='lat' dir='ltr'>ii.</span> <span class='ocrx_word' id='word_1_362' title='bbox 1055 4529 1096 4581; x_wconf 85' lang='lat'>93,</span> <span class='ocrx_word' id='word_1_363' title='bbox 1106 4517 1189 4566; x_wconf 87' lang='lat' dir='ltr'>where</span> <span class='ocrx_word' id='word_1_364' title='bbox 1201 4516 1261 4566; x_wconf 83' lang='lat' dir='ltr'>read</span> <span class='ocrx_word' id='word_1_365' title='bbox 1273 4517 1369 4566; x_wconf 75' lang='lat' dir='ltr'>delictis</span> <span class='ocrx_word' id='word_1_366' title='bbox 1377 4517 1415 4567; x_wconf 82' lang='lat' dir='ltr'>for</span> <span class='ocrx_word' id='word_1_367' title='bbox 1426 4519 1433 4544; x_wconf 89' lang='lat'>‘</span> <span class='ocrx_word' id='word_1_368' title='bbox 1443 4519 1519 4569; x_wconf 68' lang='lat' dir='ltr'>dilect</span> <span class='ocrx_word' id='word_1_369' title='bbox 1528 4513 1550 4551; x_wconf 58' lang='grc' dir='ltr'>ί</span> 
     </span>
    </p>

    <p class='ocr_par' dir='ltr' id='par_1_17' title="bbox 385 4575 1564 4649">
     <span class='ocr_line' id='line_1_42' title="bbox 385 4575 1564 4649; baseline 0.003 -19"><span class='ocrx_word' id='word_1_370' title='bbox 385 4579 405 4611; x_wconf 86' lang='lat'>¹⁰</span> <span class='ocrx_word' id='word_1_371' title='bbox 422 4583 530 4631; x_wconf 79' lang='lat' dir='ltr'>Sancta:</span> <span class='ocrx_word' id='word_1_372' title='bbox 559 4581 600 4643; x_wconf 90' lang='lat'>87,</span> <span class='ocrx_word' id='word_1_373' title='bbox 631 4583 683 4633; x_wconf 88' lang='lat'>88:</span> <span class='ocrx_word' id='word_1_374' title='bbox 721 4584 768 4632; x_wconf 88' lang='lat' dir='ltr'>‘In</span> <span class='ocrx_word' id='word_1_375' title='bbox 799 4598 948 4646; x_wconf 90' lang='lat' dir='ltr'>quacunque</span> <span class='ocrx_word' id='word_1_376' title='bbox 977 4581 1039 4631; x_wconf 86' lang='lat' dir='ltr'>feria</span> <span class='ocrx_word' id='word_1_377' title='bbox 1075 4583 1165 4631; x_wconf 77' lang='lat' dir='ltr'>testum</span> <span class='ocrx_word' id='word_1_378' title='bbox 1198 4582 1383 4632; x_wconf 82' lang='lat' dir='ltr'>Purificationis</span> <span class='ocrx_word' id='word_1_379' title='bbox 1413 4575 1564 4649; x_wconf 66' lang='lat' dir='ltr'>contige¹</span> 
     </span>
    </p>
   </div>
   <div class='ocr_carea' id='block_1_12' title="bbox 351 4638 1564 4777">
    <p class='ocr_par' dir='ltr' id='par_1_18' title="bbox 351 4638 1564 4777">
     <span class='ocr_line' id='line_1_43' title="bbox 352 4638 1564 4712; baseline 0.003 -17"><span class='ocrx_word' id='word_1_380' title='bbox 352 4646 511 4696; x_wconf 90' lang='lat' dir='ltr'>nihilominus</span> <span class='ocrx_word' id='word_1_381' title='bbox 529 4647 571 4696; x_wconf 82' lang='lat' dir='ltr'>liat</span> <span class='ocrx_word' id='word_1_382' title='bbox 591 4648 771 4698; x_wconf 83' lang='lat' dir='ltr'>decommum.</span> <span class='ocrx_word' id='word_1_383' title='bbox 791 4649 818 4696; x_wconf 89' lang='lat' dir='ltr'>B.</span> <span class='ocrx_word' id='word_1_384' title='bbox 840 4648 920 4696; x_wconf 82' lang='lat' dir='ltr'>Marie</span> <span class='ocrx_word' id='word_1_385' title='bbox 938 4649 1040 4712; x_wconf 89' lang='lat' dir='ltr'>plenum</span> <span class='ocrx_word' id='word_1_386' title='bbox 1057 4647 1188 4697; x_wconf 89' lang='lat' dir='ltr'>seruicium</span> <span class='ocrx_word' id='word_1_387' title='bbox 1206 4648 1232 4696; x_wconf 92' lang='lat' dir='ltr'>in</span> <span class='ocrx_word' id='word_1_388' title='bbox 1255 4648 1340 4712; x_wconf 83' lang='lat' dir='ltr'>aliqua</span> <span class='ocrx_word' id='word_1_389' title='bbox 1362 4647 1423 4698; x_wconf 82' lang='lat' dir='ltr'>seria</span> <span class='ocrx_word' id='word_1_390' title='bbox 1445 4638 1564 4699; x_wconf 66' lang='lat' dir='ltr'>eiusd‘</span> 
     </span>
     <span class='ocr_line' id='line_1_44' title="bbox 351 4711 947 4777; baseline 0.003 -17"><span class='ocrx_word' id='word_1_391' title='bbox 351 4711 528 4762; x_wconf 67' lang='lat' dir='ltr'>hebdomade!</span> <span class='ocrx_word' id='word_1_392' title='bbox 564 4713 638 4761; x_wconf 76' lang='lat' dir='ltr'>Crede</span> <span class='ocrx_word' id='word_1_393' title='bbox 650 4716 688 4763; x_wconf 79' lang='lat' dir='ltr'>M.</span> <span class='ocrx_word' id='word_1_394' title='bbox 703 4717 716 4774; x_wconf 70' lang='grc' dir='ltr'><strong>ἓ</strong></span> <span class='ocrx_word' id='word_1_395' title='bbox 731 4724 785 4777; x_wconf 83' lang='lat'>135,</span> <span class='ocrx_word' id='word_1_396' title='bbox 799 4729 842 4777; x_wconf 91' lang='lat' dir='ltr'>pp.</span> <span class='ocrx_word' id='word_1_397' title='bbox 856 4713 896 4774; x_wconf 83' lang='lat'>67,</span> <span class='ocrx_word' id='word_1_398' title='bbox 908 4712 947 4762; x_wconf 88' lang='lat'>68.</span> 
     </span>
    </p>
   </div>
   <div class='ocr_carea' id='block_1_13' title="bbox 0 0 1922 5734">
    <p class='ocr_par' dir='ltr' id='par_1_19' title="bbox 0 0 1922 5734">
     <span class='ocr_line' id='line_1_45' title="bbox 0 0 1922 5734; baseline 0 0"><span class='ocrx_word' id='word_1_399' title='bbox 0 0 1922 5734; x_wconf 95' lang='lat' dir='ltr'> </span> 
     </span>
    </p>
   </div>
  </div>
 </body>
</html>
