3834 5734
733 1077 915 1165 [thuintun
940 1082 983 1145 A.
1007 1082 1079 1145 xix.
1103 1083 1177 1145 viii.¹

397 1322 534 1404 Epacte
575 1337 621 1400 17,
662 1323 709 1398 18,
740 1320 822 1402 stylo
851 1322 985 1403 antiquo
997 1344 1012 1395 ,·
1050 1339 1068 1384 2
1074 1336 1100 1401 5,
1133 1288 1196 1398 26,Ι
1216 1336 1264 1401 27,
1295 1323 1376 1404 stylo
1406 1322 1563 1386 moderno.

448 1408 585 1483 Pascha,
602 1407 708 1490 April.
725 1407 835 1489 xxiii]

398 1585 436 1655 (Ι
459 1577 610 1643 Sabbato
626 1579 659 1641 in
675 1579 820 1642 crastino
835 1578 1023 1662 epiphanie,
1035 1578 1078 1641 de
1096 1588 1213 1641 sancta
1231 1579 1347 1652 Maria,
1360 1589 1394 1643 et
1405 1580 1565 1642 memoria

536 1667 578 1730 de
595 1669 761 1748 martyre.²
814 1666 871 1729 Ad
888 1666 1142 1749 completorium
1159 1666 1279 1730 dicitur
1294 1667 1444 1748 psalmus
1462 1667 1524 1728 Ad
1535 1677 1565 1728 te

348 1717 421 1786 μη·
438 1713 491 1786 ¹5]
535 1752 649 1816 leuaui
687 1752 786 1816 ‚xviii
826 1753 986 1816 kalendas
1025 1753 1179 1816 februarii
1218 1753 1393 1817 inchoetur
1427 1753 1564 1816 historia

350 1838 501 1902 Domine
512 1860 553 1901 ne
565 1840 599 1902 in
612 1839 687 1916 ἱνα,8
703 1840 813 1902 medie
829 1840 989 1902 lectiones
1001 1840 1043 1902 de
1059 1851 1177 1903 sancto
1190 1841 1318 1903 Mauro,
1359 1841 1396 1903 ln
1411 1839 1563 1903 laudibus

351 1945 477 1988 omnes
500 1925 686 2008 antiphone
713 1928 876 2004 dicuntur,
899 1935 932 1989 et
956 1927 1021 1989 due
1045 1929 1213 2006 memorie,
1236 1927 1360 1990 scilicet
1383 1928 1426 1990 de
1448 1937 1564 1989 sancto

352 2012 489 2090 Maure,
505 2022 539 2076 et
556 2013 598 2076 de
614 2022 731 2076 sancta
749 2014 866 2077 Maria.

402 2137 435 2206 (Ι
459 2132 556 2195 Feria
580 2133 618 2197 il.
645 2132 687 2194 de
713 2143 831 2195 sancto
859 2132 1029 2205 Marcello
1059 2132 1294 2196 Inuitatorium
1326 2133 1482 2214 simplex,
1511 2132 1562 2194 iii.

353 2219 526 2282 lectiones.
573 2218 766 2302 Capitulum
787 2219 904 2283 Omm's
920 2221 1075 2301 pontifex,
1091 2221 1270 2283 versiculus
1286 2229 1320 2283 et
1337 2220 1564 2303 Responsoria

353 2305 402 2369 de
417 2307 525 2388 primo
541 2316 705 2370 nocturno
719 2306 817 2368 vnius
834 2307 997 2389 martyris.

402 2432 436 2502 (Ι
459 2425 556 2488 Feria
571 2426 623 2489 iii.
639 2425 682 2489 de
697 2426 784 2489 sesto
800 2425 872 2490 loci.

401 2551 436 2621 (Ι
459 2546 556 2609 Feria
578 2547 640 2608 iiii.
665 2547 707 2609 de
728 2556 846 2609 sancta
870 2547 985 2623 Maria,
1009 2549 1055 2609 et⁴
1078 2547 1237 2609 memoria
1253 2548 1295 2609 de
1310 2557 1427 2610 sancta
1444 2546 1563 2609 Prisca.

358 2633 428 2696 Vbi
451 2631 536 2696 liunt
558 2642 625 2696 tres
640 2634 987 2711 commemorationes,
1003 2635 1035 2696 in
1052 2634 1090 2698 ii.
1108 2633 1189 2696 feria
1204 2633 1262 2696 liat
1278 2655 1343 2697 vna
1359 2653 1564 2698 commemo·

357 2721 445 2783 ratio
458 2729 493 2782 et
510 2721 670 2783 memoria
685 2719 728 2783 de
745 2730 899 2802 martyre.

401 2846 435 2915 (Ι
459 2840 557 2903 Feria
586 2862 623 2904 .v.
655 2841 697 2903 de
727 2851 845 2903 sancto
875 2840 1063 2917 Wulstano,
1094 2841 1148 2903 ix.
1180 2840 1348 2917 lectiones
1377 2840 1491 2903 omnia
1521 2838 1563 2901 de

360 2946 539 2989 commum.

402 3051 437 3121 (Ι
460 3046 557 3109 Feria
572 3046 621 3110 .vi.
634 3048 676 3111 de
693 3047 892 3129 martyribus
907 3047 1058 3110 Fabiano
1074 3056 1108 3110 et
1126 3045 1333 3111 Sebastiano.
1370 3046 1563 3128 Capitulum

359 3133 526 3196 Iustorum
542 3133 658 3196 anime.

403 3251 619 3329 (ISabbatO,
650 3254 690 3316 de
721 3263 838 3316 sancta
874 3252 1021 3336 Agnete,
1057 3255 1111 3316 ix.
1143 3253 1310 3317 lectiones.
1372 3253 1564 3336 Capitulum

363 3338 548 3422 confitebor.
612 3341 669 3404 Ad
707 3361 863 3423 vesperas
904 3341 1066 3403 memoria
1107 3340 1149 3403 de
1188 3351 1306 3405 sancta
1341 3340 1486 3422 Agnete,
1524 3341 1565 3401 de

360 3428 539 3506 dominica,
553 3438 587 3491 et
603 3428 646 3491 de
661 3437 777 3491 sancta
794 3427 912 3490 Maria.

537 3552 571 3622 (Ι
594 3546 773 3609 Dominica
789 3546 836 3622 .ii.,
853 3555 962 3609 totum
979 3548 1022 3610 de
1033 3556 1150 3610 sancto
1162 3547 1349 3619 Vincentio
1359 3556 1394 3610 et
1406 3547 1566 3612 memoria

360 3598 424 3667 1²¹²
437 3593 494 3666 η]
537 3635 581 3696 de
596 3633 773 3708 dominica,
788 3643 824 3697 et
839 3634 881 3696 de
897 3643 1014 3698 sancta
1031 3634 1145 3696 Maria.

405 3759 438 3829 (Ι
461 3751 560 3817 Feria
575 3753 613 3816 .ii.
629 3752 671 3816 de
687 3752 769 3816 seria
786 3753 887 3816 illius³
903 3752 992 3818 ferie.
1038 3753 1144 3817 Missa
1159 3753 1377 3818 dominicalis

404 3879 437 3949 (Ι
460 3873 558 3937 Feria
573 3872 624 3936 iii.
640 3873 682 3937 de
698 3873 784 3955 sesto
798 3872 871 3937 loci.

406 4121 439 4191 (Ι
462 4113 561 4177 Feria
575 4135 613 4177 .v.
629 4113 672 4177 de
688 4113 768 4177 leria
783 4114 883 4177 illius⁵
899 4113 987 4191 serie,
1003 4123 1037 4178 et
1053 4116 1154 4177 missa
1169 4115 1231 4179 iiii.
1248 4115 1334 4177 ferie.

404 4241 437 4311 (Ι
462 4234 559 4298 Feria
581 4234 631 4298 .vi.
658 4236 700 4299 de
722 4243 839 4297 sancto
865 4233 1003 4298 loliano.
1050 4235 1283 4299 Inuitatorlum
1309 4235 1446 4318 duplex,
1468 4235 1566 4318 Capi-

361 4321 469 4386 tulum
486 4321 566 4384 Ecce
579 4321 733 4384 sacerdos.
768 4380 773 4389 .

395 4472 406 4568 ζ
422 4473 545 4589 &upupam
556 4476 590 4524 A.
605 4473 654 4524 xix.
668 4473 719 4524 viii.
733 4474 862 4524 Sabbato:
880 4472 920 4535 87,
934 4473 974 4524 88.

395 4603 407 4633 ³
424 4555 728 4680 simille'uputourum
752 4605 789 4680 D...
811 4603 890 4663 Pauli,
909 4605 1027 4663 Donum,
1051 4621 1082 4654 ne
1104 4606 1133 4654 in
1156 4606 1215 4656 ira:
1240 4621 1268 4656 so
1284 4605 1365 4656 called
1382 4604 1444 4655 lrom
1463 4605 1494 4655 its
1516 4605 1568 4656 first

357 4670 583 4785 Resppndomssrgep
597 4671 655 4718 SM·
665 4686 686 4789 ,ι’
700 4685 799 4720 eccm
986 4731 997 4764 ⁶
1013 4734 1182 4800 Responroria
1192 4735 1268 4800 before
1278 4735 1363 4788 illitu:
1380 4735 1420 4797 87,
1434 4734 1474 4786 88.
