3834 5734
433 715 481 766 218
751 717 1027 768 DIRECTORIUM
1055 718 1323 770 SACERDOTUM.

477 875 510 945 (Ι
535 870 630 933 Feria
646 891 683 934 .v.
699 871 742 933 de
758 870 843 934 festo
858 870 943 933 loci.¹

477 987 510 1057 (Ι
534 983 562 1044 F
564 984 631 1046 eria
646 984 694 1046 .vi.
711 985 754 1046 de
769 983 857 1047 seria.
904 982 1058 1065 Epistola
1073 991 1108 1046 et
1122 984 1334 1066 euangelium
1350 985 1501 1048 eiusdem
1519 984 1608 1049 ferie.

476 1099 509 1168 (Ι
533 1093 692 1172 Sabbato,
709 1097 752 1159 de
766 1106 882 1159 sancta
899 1097 1015 1161 Maria.

476 1212 510 1282 (Ι
532 1207 601 1269 Vbi
618 1206 702 1271 fiunt
724 1209 790 1272 t'res
813 1210 1160 1286 commemorationes,
1176 1209 1209 1271 in
1226 1209 1264 1273 .ii.
1282 1208 1361 1272 seria
1384 1207 1442 1273 fiat
1464 1230 1533 1273 vna
1556 1230 1646 1274 com·

434 1295 640 1358 memoratio,

435 1412 502 1466 Feb.
516 1409 572 1481 21.]
611 1413 644 1483 (Ι
668 1408 848 1472 Dominica
864 1408 896 1470 in
914 1408 1210 1491 Quinquagesima‚
1228 1418 1300 1471 tota
1316 1418 1469 1471 cantetur
1489 1408 1636 1472 historia

476 1527 511 1672 (ΙΙ
534 1522 691 1596 Feriaii,
708 1523 750 1583 de
765 1530 881 1584 sancto
906 1522 1005 1585 Petro
1028 1520 1203 1602 apostolo²
1250 1521 1486 1585 Inuitatorium
1510 1523 1644 1605 triplex,

434 1610 478 1672 ix.
507 1610 662 1672 ectiones

477 1718 510 1787 (Ι
535 1713 562 1774 F
564 1713 632 1775 cria
646 1711 705 1787 iii,
722 1712 764 1774 de
780 1720 896 1774 sancta
913 1712 1029 1774 Maria.

477 1821 511 1891 (Ι
535 1816 632 1879 Feria
646 1815 708 1879 iiii.
726 1815 758 1877 in
775 1816 885 1897 capite
901 1815 1022 1889 ieiunii,
1039 1816 1081 1877 de
1097 1815 1185 1878 seria.

368 1912 375 1922 ⁴
477 1934 511 2004 (Ι
533 1929 593 1991 ³Et
609 1927 730 1990 festum
746 1927 852 1990 sancti
870 1927 999 1990 Mathie
1015 1927 1186 1991 differatur
1201 1929 1234 1990 in
1250 1928 1453 1990 erastinum.³

476 2046 511 2116 (Ι
534 2040 591 2103 Ab
607 2039 669 2103 hac
685 2040 746 2114 die,
763 2060 868 2122 vsque
883 2040 926 2103 ad
943 2040 1145 2102 dominicam
1163 2039 1304 2122 primam
1329 2050 1405 2122 post
1429 2040 1543 2114 Pasce,
1562 2041 1642 2102 nihil

435 2126 493 2191 fiat
509 2129 551 2190 de
568 2128 661 2191 festis
679 2128 778 2190 trium
802 2125 994 2201 lectionum,
1012 2126 1074 2189 nisi
1090 2137 1221 2190 tantum
1242 2129 1411 2204 memoria,
1426 2125 1469 2190 ad
1486 2148 1643 2210 vesperas

434 2218 480 2278 et⁴
497 2215 677 2278 matutinas
692 2215 735 2277 de
750 2223 865 2277 sancta
883 2214 998 2278 Maria.

477 2333 510 2402 (Ι
535 2327 631 2389 Feria
646 2347 682 2390 .v.
699 2326 741 2389 de
757 2335 873 2388 sancto
890 2325 1021 2388 Mathia
1043 2325 1220 2408 apostolo,⁵
1239 2325 1380 2389 Inferius
1402 2325 1540 2408 duplex.
1588 2326 1644 2389 Ad

434 2423 590 2496 vtrasque
616 2433 779 2495 vesperas,
802 2416 849 2475 et⁴
877 2413 1066 2488 matutinas,
1088 2413 1144 2476 8de
1168 2424 1285 2476 sancto
1314 2413 1464 2489 Mathia,³
1489 2411 1549 2476 fiat
1577 2433 1644 2476 me·

434 2502 539 2564 moria
554 2499 700 2563 solennis
714 2501 756 2563 de
773 2500 901 2563 ieiunio

476 2619 511 2689 (Ι
532 2614 638 2677 ³Nota
662 2613 767 2694 quod³
793 2612 826 2674 in
850 2631 939 2674 anno
973 2611 1121 2675 bisextili
1157 2609 1214 2675 fiat
1247 2612 1422 2675 seruicium
1458 2612 1501 2675 de
1525 2625 1644 2676 sancto

435 2699 565 2764 Mathia
581 2700 614 2762 in
630 2703 681 2764 .v.“
696 2698 784 2762 seria.

476 2819 510 2888 (Ι
534 2814 579 2877 Et
592 2823 672 2876 tunc
687 2812 731 2875 ab
747 2812 823 2874 hinc
840 2833 944 2894 vsque
959 2810 1002 2874 ad
1021 2811 1242 2893 inceptionem
1256 2811 1392 2874 historie
1414 2810 1455 2873 ln
1472 2811 1644 2892 principio,

434 2901 614 2983 accipiatur
636 2900 774 2962 tercium
801 2900 840 2975 B,
857 2920 917 2980 pro
943 2898 1081 2981 [littera]
1105 2899 1317 2962 dominicali.
1341 2908 1374 2962 et
1400 2898 1573 2961 inchoetur
1601 2899 1643 2960 ad

357 3014 360 3022 ·
434 2989 575 3071 primam
593 2988 794 3049 dominicam
811 2986 1073 3068 quadragesime.

476 3097 510 3167 (Ι
534 3092 693 3155 Feria.vi.
710 3102 743 3154 et
770 3091 920 3167 sabbam,
943 3092 986 3153 de
1012 3091 1140 3154 ieiunio.
1188 3092 1233 3154 Et
1260 3088 1291 3151 in
1318 3089 1459 3152 sabbato
1487 3090 1645 3152 dicuntur

434 3179 660 3261 Responsoria
676 3180 809 3242 ferialia

434 3335 494 3388 Feb
516 3335 549 3387 23
610 3289 643 3359 (Ι
667 3282 703 3364 [k
719 3283 761 3364 .i.]
807 3282 986 3345 Dominica
1010 3283 1117 3364 prima
1137 3282 1400 3363 quadragesime,
1417 3289 1490 3343 tota
1513 3281 1645 3343 dicatur

496 3376 501 3387 “
552 3376 557 3388 “
608 3371 753 3433 historia.

476 3479 509 3548 (Ι
534 3475 630 3536 Feria
645 3475 684 3538 .ii.
700 3476 743 3537 de
759 3484 874 3538 sancto
891 3474 1013 3547 Dauid,
1031 3474 1074 3536 ix.
1092 3473 1270 3535 lectiones⁷

476 3583 509 3652 (Ι
535 3579 630 3641 Feria
645 3579 696 3641 .iii.
712 3580 754 3641 de
771 3587 887 3641 sancto
905 3577 1030 3655 Cedda‚
1047 3578 1091 3641 ix.
1113 3578 1291 3640 lectiones⁷

433 3768 467 3832 in
484 3771 532 3834 .vi.
550 3768 629 3831 seria
645 3770 773 3832 dicatur
790 3769 1052 3850 Responsorium
1073 3768 1206 3832 feriale.”

609 3879 642 3948 (Ι
667 3873 846 3935 Dominica
866 3872 905 3935 ii.
922 3871 1188 3953 quadragesime,
1204 3880 1277 3933 tota
1292 3871 1421 3933 dicatur
1444 3866 1593 3944 historia,
1609 3878 1644 3932 et

611 3960 690 4022 nihil
708 3960 749 4021 de
772 3959 989 4039 virginibus,¹⁰
1005 3959 1067 4021 nisi
1084 3959 1126 4020 ad
1150 3978 1305 4040 vesperas
1331 3966 1366 4019 et
1394 3955 1577 4017 matutinas
1600 3956 1646 4018 de

432 4054 548 4108 sancta
565 4046 681 4110 Maria.

476 4154 509 4223 (Ι
534 4150 630 4212 Feria
645 4151 693 4225 .ii.,
709 4151 769 4223 .iii.,
785 4150 857 4227 .iiii.,
872 4172 918 4225 .v.,
934 4159 968 4212 et
992 4149 1143 4224 sabbat0,
1166 4150 1209 4211 de
1235 4148 1363 4212 ieiunio,
1411 4149 1451 4211 ln
1474 4147 1537 4212 iiii.
1562 4147 1647 4211 seria

433 4236 561 4299 dicatur
578 4238 720 4318 primum
738 4239 999 4319 Responsorium
1029 4236 1148 4310 feriale,
1164 4246 1198 4299 et
1213 4236 1302 4298 aliud
1319 4236 1352 4297 in
1369 4235 1510 4298 sabbato
1533 4285 1541 4298 .
1565 4255 1645 4299 cum

434 4324 659 4405 Responsorio
674 4325 784 4400 Pater,
794 4325 932 4406 peccaui.

435 3924 535 3977 March
549 3920 586 3993 7.]

466 4459 474 4489 ¹
489 4461 560 4509 Feria
572 4461 605 4509 iii.
621 4463 652 4510 de
663 4478 807 4520 commem,
820 4461 912 4526 Portis.
929 4471 1000 4524 1519,
1014 4459 1053 4509 26.
1171 4457 1182 4487 ‘²
1199 4459 1324 4508 Cathedra
1337 4459 1362 4509 S.
1378 4459 1452 4507 Petri.

465 4525 518 4561 ³-³
533 4543 580 4575 om.
595 4528 636 4586 87,
649 4526 689 4576 88.
1173 4522 1183 4552 ⁴
1199 4524 1231 4573 ad
1243 4543 1250 4574 z
1268 4526 1378 4573 inserted
1386 4523 1427 4584 87,
1440 4523 1479 4572 88.

466 4590 476 4620 ⁶
492 4594 625 4656 apostolo:
643 4609 689 4640 onz.
705 4591 745 4652 87,
759 4590 799 4640 88.
1179 4587 1189 4618 θ
1206 4592 1238 4638 vi.
1253 4588 1294 4649 87,
1307 4589 1348 4650 88,
1361 4606 1491 4638 exerrare.

467 4656 477 4688 ⁷
493 4658 525 4706 de
537 4657 681 4707 communi:
699 4659 754 4705 add.
769 4669 812 4718 97,
825 4670 864 4706 01.
1180 4653 1190 4684 ⁸
1208 4655 1242 4703 iii.
1258 4654 1298 4716 87,
1312 4672 1343 4704 cx
1353 4671 1441 4703 errore.

493 4722 609 4772 dicantur
621 4725 651 4771 R.
666 4723 779 4773 ferialia:
797 4724 888 4786 Porti).
907 4721 975 4786 1556.
1176 4718 1196 4750 ¹⁰
1213 4720 1258 4771 SS.
1276 4723 1397 4785 Perpetua
1408 4730 1434 4769 et
1446 4719 1588 4772 Felicitate.
