3834 5734
404 739 438 787 90
743 725 866 775 DIREC
868 725 894 774 T
891 724 1016 775 omitti
1036 719 1307 772 SACERDOTGM.

404 965 413 1027 l
446 884 481 954 ί
506 878 601 941 feria
631 879 671 941 ‚ii.
701 877 744 940 dc
775 890 893 941 sancto
924 877 1103 953 Kenelmo‚
1135 873 1371 941 lnuitatorium
1403 869 1537 954 duplex
1569 870 1619 932 iii.

416 982 571 1028 eetiones.

445 1091 480 1161 [
505 1085 602 1147 Feria
617 1086 668 1147 iii.
683 1084 726 1147 de
743 1085 828 1148 lezuo
843 1085 915 1157 loci.
931 1097 966 1148 et
982 1086 1144 1148 memoria
1157 1086 1201 1148 de
1216 1092 1336 1146 sancto
1353 1078 1548 1161 Amulpho.

446 1211 479 1280 ί
505 1204 600 1266 feria
623 1206 689 1267 ,iiii
716 1207 759 1267 de
779 1218 897 1269 sancta
919 1205 1037 1268 Maria„
1080 1205 1148 1268 vbi
1171 1204 1257 1267 fiunt
1281 1213 1349 1264 tres
1371 1217 1620 1263 commemora-

404 1379 474 1441 fiat²
490 1381 765 1442 commemoratio
781 1379 879 1442 beate
897 1379 1013 1441 Marie.

445 1505 480 1575 ί
505 1499 601 1562 Feria
615 1521 654 1560 ,iz
670 1501 713 1561 de
728 1512 844 1562 sancta
861 1500 1078 1582 llargaretta,
1094 1501 1149 1565 ix.
1165 1499 1336 1562 lectiones.

404 1707 413 1767 1
445 1626 479 1696 ί
503 1620 601 1682 Feria
623 1621 673 1681 xi.
696 1621 739 1682 de
762 1632 878 1682 sancta
903 1623 1065 1684 Praxede
1113 1618 1350 1683 lnuitatorium
1373 1613 1538 1698 simplex,
1555 1625 1621 1677 tres

417 1709 573 1769 ectioneu
1511 1729 1514 1733 ·

445 1833 479 1902 [
504 1827 665 1901 Sabbato,
688 1827 732 1889 de
755 1840 873 1890 sancta
904 1828 1013 1890 Maria
1042 1827 1256 1912 Magdalena
1302 1823 1361 1888 Ad
1389 1843 1553 1906 vesperas
1578 1823 1620 1885 de

403 1916 581 1985 dominica,
608 1914 767 1975 memoria
794 1915 837 1975 de
859 1926 975 1976 sancta
999 1916 1108 1978 Maria
1134 1911 1350 1995 magdalena,
1373 1920 1409 1974 et
1432 1912 1476 1972 de
1500 1918 1620 1972 sancto

406 2001 612 2083 Apollinare,
626 2011 661 2062 et
676 2001 718 2062 dc
735 2000 910 2077 Trinitate,
925 2015 959 2063 et
975 2002 1145 2082 processio
1160 2016 1238 2064 ante
1253 2018 1396 2062 crucem.

463 2193 469 2201 ⁸
578 2127 613 2197 [
637 2121 817 2185 Dominica
831 2124 890 2195 ui,
901 2134 1013 2186 totum
1025 2123 1068 2184 de
1083 2123 1225 2185 seruicio
1240 2117 1445 2194 dominicali,
1455 2117 1619 2180 memoria

405 2173 463 2241 July
483 2170 538 2242 ²³]
581 2219 712 2271 tantum
737 2208 780 2270 de
796 2220 914 2273 sancto
930 2208 1136 2292 Apollinare„
1180 2209 1332 2271 ³Nonum
1350 2205 1619 2287 Responsorium

405 2294 598 2357 Beue-dicius
617 2294 803 2358 Dominus}
852 2297 891 2359 ln
907 2296 1062 2359 laudibus
1077 2317 1143 2360 vna
1158 2295 1353 2376 antiphona

446 2420 481 2490 [
507 2415 602 2476 Feria
628 2415 668 2478 .ii.
693 2414 734 2476 de
761 2427 879 2480 sancta
906 2416 1062 2492 Cristina,
1091 2436 1168 2478 cum
1200 2424 1373 2480 nocturno.
1436 2411 1548 2475 Missa
1577 2412 1619 2475 de

405 2500 540 2584 vigilia⁵

447 2626 482 2696 [
507 2620 602 2683 Feria
626 2621 678 2684 iii.
703 2621 746 2683 de
770 2632 890 2685 sancto
919 2622 1044 2686 Iacobo
1066 2622 1245 2705 apostolo.⁶
1268 2620 1403 2684 inferius
1427 2617 1568 2702 duplex.
1584 2628 1618 2679 et

405 2707 566 2770 memoria
581 2707 624 2770 de
640 2708 864 2787 martyribus!
910 2709 1066 2773 Secunde
1088 2712 1239 2792 ⁸vespere
1261 2717 1360 2771 erunt
1384 2706 1428 2769 de
1451 2705 1617 2787 apostolo,

404 2808 438 2857 et
456 2795 616 2856 memoria
631 2797 674 2857 de
689 2806 807 2859 sancta
824 2795 934 2859 Anna.

447 2919 481 2989 ε
507 2913 601 2976 Feria
617 2915 679 2979 iiii.
696 2918 739 2980 de
755 2925 873 2978 sancta
891 2914 1002 2989 Anna
1022 2915 1257 2979 lnuitatorium
1272 2915 1407 2998 triplex.

448 3032 603 3181 (llFeria
628 3057 665 3099 ,κε
690 3037 733 3099 de
758 3035 898 3118 Septem
924 3036 1190 3114 Dormientibus,
1216 3036 1453 3099 Inuitatorium
1478 3034 1617 3118 duplex,

404 3130 471 3183 tres
501 3131 655 3183 ectioneS.

449 3244 483 3314 {1
508 3238 603 3302 Feria
630 3242 679 3303 xi.
708 3243 750 3306 dc
777 3241 862 3304 festo
890 3242 963 3319 loci,
988 3250 1022 3304 et
1048 3243 1210 3305 memoria
1237 3243 1280 3305 de
1304 3251 1424 3305 sancto
1451 3241 1617 3307 Samsoue

406 3325 604 3401 consessore,
619 3338 653 3390 et
669 3328 713 3391 de
728 3340 847 3392 sancto
864 3328 1093 3392 Panthaleone
1110 3341 1264 3411 martyre.

449 3456 482 3525 (Ι
507 3448 666 3527 Sabbato,
689 3453 731 3514 de
756 3465 871 3516 sancta
899 3451 1017 3529 Maria,
1039 3471 1115 3514 cum
1141 3453 1302 3516 memoria
1325 3453 1367 3516 de
1390 3453 1617 3534 martyribus,⁹

406 3536 470 3599 Vbi
504 3535 586 3599 fiunt
621 3546 687 3600 tres
717 3539 1063 3618 commemorationes,
1094 3541 1126 3601 ln
1158 3561 1195 3602 .v.
1228 3539 1309 3603 seria
1339 3539 1398 3602 fiat
1428 3560 1495 3603 vna
1526 3559 1616 3603 com·

407 3625 611 3686 memoratio

449 3745 482 3814 (1
506 3738 563 3801 Ab
589 3739 651 3802 hac
679 3740 733 3803 die
755 3761 859 3824 vsque
882 3741 925 3803 ad
949 3740 1244 3806 Circumcisionem
1270 3741 1411 3806 Domini
1434 3743 1617 3827 accipiatur

408 3825 551 3889 Sextum
568 3826 598 3888 Α
619 3847 679 3909 pro
696 3828 805 3892 littera
821 3829 1025 3894 dominicali.

662 4132 846 4216 ¹⁰Sequitur
862 4154 949 4197 nunc
966 4136 1008 4197 de
1025 4132 1119 4197 litera
1134 4134 1179 4199 Α.
1195 4133 1266 4198 xix.
1283 4133 1375 4198 viii.¹⁰

444 4534 450 4540 ·
470 4510 524 4560 iii:
542 4521 582 4572 97,
595 4524 635 4560 01.
1107 4514 1118 4545 ²
1135 4516 1196 4567 fiat:
1213 4533 1259 4566 om.
1274 4527 1315 4579 97,
1327 4528 1369 4566 01.

442 4574 495 4612 ³-⁴
511 4593 558 4626 om.
578 4588 618 4637 97,
631 4590 673 4637 oi,
1106 4580 1116 4610 ⁶
1133 4583 1159 4632 S.
1177 4581 1270 4632 lacobi.

441 4641 452 4671 ‘⁵
468 4642 557 4691 festum
552 4642 609 4756 (por
619 4644 733 4707 apotolo
744 4662 751 4694 ε
768 4644 808 4706 87,
822 4643 861 4693 88.
1105 4646 1115 4679 ⁷
1133 4648 1178 4698 SS.
1194 4647 1376 4712 christophoro
1388 4656 1413 4697 et
1425 4646 1556 4698 Cucufate.

442 4708 550 4805 :Ostippo
570 4707 718 4836 0370113887,
731 4710 770 4760 88.
1108 4711 1119 4743 ⁹
1136 4714 1182 4764 SS.
1197 4713 1281 4763 Felice
1293 4713 1413 4763 Faustino
1425 4723 1450 4762 et
1463 4714 1584 4793 Beatrice.

463 4801 495 4811 -
531 4789 578 4822 om.
626 4810 633 4833 ,
681 4811 687 4824 .
