3834 5734
353 676 386 726 82
690 675 965 726 DIRECTORIUM
982 674 1249 727 SACERDOTUM.

352 836 453 889 March
467 831 522 903 26]
558 834 591 903 ί
616 829 793 891 Dominica
808 827 871 891 iiii.
887 828 1142 910 quadragesime
1158 838 1231 893 tota
1246 828 1369 892 dicitur
1381 828 1518 893 historia

528 1077 562 1147 (ἶ
587 1069 764 1132 Dominica
779 1069 812 1131 in
837 1068 994 1131 Passione
1017 1068 1155 1132 Domini
1177 1079 1249 1134 tota
1272 1071 1394 1134 dicitur
1409 1070 1543 1134 historia'

350 1122 433 1194 ‘³9‘ss
448 1119 484 1191 ²]
529 1167 563 1220 et
579 1155 659 1219 nihil
675 1155 718 1219 de
733 1164 849 1219 sancto
866 1156 1019 1219 Ricardo.

394 1282 428 1351 [
455 1277 549 1339 Feria
575 1276 627 1340 .iii.
652 1276 693 1338 de
718 1285 834 1337 sancto
858 1274 1047 1338 Ambrosio.
1106 1275 1247 1340 lnlerius
1274 1276 1412 1359 duplex.
1471 1277 1544 1360 Cap

352 1363 471 1427 itulum
487 1363 565 1425 Ecce
579 1363 731 1425 sacerdos.
776 1361 982 1444 Capitulum*
997 1363 1276 1428 Benedictionch

373 1489 444 1605 ,1Ιῦ
453 1484 590 1546 Festum
620 1483 725 1545 sancti
752 1481 886 1544 Ricardi
911 1481 1083 1547 differatur
1106 1503 1211 1566 vsque
1233 1485 1279 1548 ad
1305 1484 1544 1548 translationem

351 1590 429 1633 erus

353 1779 369 1840 s
394 1691 549 1840 ‘illim
563 1712 600 1753 .v.
616 1690 736 1753 dicitur
750 1700 907 1753 octauum
924 1691 1169 1773 responsorium
1185 1690 1324 1754 historie
1336 1712 1413 1754 cum
1430 1692 1545 1754 duobus

365 1799 409 1840 en
447 1799 455 1839 1
481 1798 528 1840 us.

352 1906 433 1977 April
444 1902 484 1974 9.]
518 1904 552 1974 (l
575 1897 755 1960 Dominica
776 1897 809 1959 in
826 1896 927 1960 ramis
944 1897 1144 1976 Palmarum,
1158 1906 1231 1961 tota
1245 1907 1401 1962 cantetur
1415 1898 1547 1961 historia

395 2030 428 2099 ί
454 2021 549 2086 Feria
563 2019 614 2081 iii.
631 2018 786 2080 dicuntur
796 2016 950 2099 Exequie
967 2018 1270 2095 Mortuorum,cum
1283 2038 1408 2082 nouem
1425 2019 1547 2081 lection·

353 2112 436 2186 ibus,
463 2120 496 2173 et
528 2106 628 2168 missa
658 2105 691 2166 in
722 2105 875 2167 crastino.
921 2103 1089 2187 Deinceps
1119 2125 1185 2168 non
1216 2105 1375 2169 dicuntur
1406 2106 1548 2187 Exequie

356 2199 563 2260 llortuorum
586 2191 781 2274 quotidiane
804 2191 837 2253 in
861 2200 1028 2254 conuentu
1051 2212 1155 2274 vsque
1181 2192 1214 2254 in
1237 2193 1422 2255 crastinum
1446 2203 1549 2256 sancte

353 2284 526 2346 Trinitatis
554 2280 615 2342 nisi
643 2297 761 2358 corpus
785 2297 920 2360 presens
951 2277 1056 2353 suerit,
1082 2278 1134 2341 vel
1161 2280 1233 2342 dies
1263 2280 1479 2342 anniuersarii
1504 2279 1547 2342 vel

352 2370 541 2452 trigintalis⁷
556 2365 724 2429 euenerit⁸

529 2494 562 2563 (Ι
585 2486 650 2548 Die
664 2486 775 2558 Pasce,
790 2494 823 2547 et
836 2505 895 2566 per
910 2484 1167 2563 hebdomadam,
1179 2494 1287 2549 totum
1305 2487 1347 2550 de
1359 2485 1549 2549 solennitate

530 2574 613 2635 sesti.
659 2571 825 2636 Omnibus
841 2572 1016 2635 dominicis
1031 2581 1065 2635 et
1089 2573 1181 2635 festis
1196 2593 1271 2636 cum
1289 2574 1453 2654 regimine
1468 2574 1551 2636 chori

351 2681 454 2742 usque
479 2662 535 2722 ad⁹
550 2659 696 2740 vigiliam
716 2658 930 2721 Ascensionis
947 2659 1125 2733 exclusiue,
1154 2659 1211 2723 Ad
1233 2680 1391 2743 vesperas
1408 2663 1468 2724 et¹⁰
1488 2660 1549 2723 ad¹¹

352 2747 532 2810 matutinas
547 2756 582 2809 ct
598 2747 641 2809 ad
659 2746 794 2806 missam
811 2743 869 2807 fiat
891 2745 1038 2808 solennis
1062 2746 1221 2809 memoria
1244 2749 1287 2811 de
1309 2750 1550 2815 resurrectione.

351 2836 394 2897 de
410 2853 608 2917 quocunque
624 2831 660 2894 fit
676 2832 859 2906 seruicium,
878 2833 938 2893 nisi
955 2833 988 2894 in
1007 2833 1204 2896 Inuentione
1220 2832 1346 2897 Sancte
1362 2834 1484 2899 Crucis.

393 2960 425 3028 Q
451 2954 496 3015 Et
523 2954 555 3014 in
586 2950 734 3014 sabbatis
764 2948 807 3010 ad
838 2969 1002 3031 vesperas,
1035 2949 1293 3013 Benedictiones
1325 2949 1457 3014 feriales
1489 2971 1548 3014 non

349 3040 506 3103 dicuntur
521 3059 623 3121 vsque
640 3045 716 3120 post
732 3034 822 3096 Deus
836 3037 989 3098 onmitmt.

351 2540 430 2609 April
448 2536 499 2608 ιὰ]

394 3166 427 3235 ΙΙ
451 3159 636 3222 Dominicis
662 3157 788 3220 etiam¹²
815 3156 933 3219 diebus
958 3159 1126 3237 usquead
1151 3156 1298 3221 sestum¹³
1320 3158 1552 3224 Penthecostcs

351 3249 442 3309 nulla
480 3245 538 3308 fiat
576 3245 735 3307 memoria
766 3246 808 3307 de
838 3243 1005 3307 dominica
1043 3245 1075 3305 in
1105 3264 1236 3307 summa
1274 3246 1384 3321 missa,
1417 3248 1487 3310 siue
1515 3250 1554 3310 de

352 3334 595 3406 resurrectione,
612 3332 681 3393 siue
698 3332 823 3394 etiam¹⁴
840 3331 882 3393 de
897 3330 1009 3411 aliquo
1026 3331 1111 3394 festo
1127 3331 1185 3394 fiat
1202 3333 1309 3395 missa.

529 3452 763 3527 (IDominica
793 3453 819 3513 .i.
844 3452 876 3513 in
901 3451 994 3528 albis,
1025 3453 1126 3534 post¹⁵
1153 3453 1265 3524 Pasca,
1293 3452 1416 3518 festum
1449 3456 1554 3518 minus

529 3539 665 3621 duplex.
678 3548 786 3601 toturn
803 3540 845 3601 de
861 3538 1037 3612 dominica,
1051 3549 1084 3601 et
1096 3541 1254 3602 memoria
1264 3541 1307 3603 de
1319 3543 1555 3606 resurrectione

352 3647 428 3689 curn
461 3627 570 3689 missa.
632 3623 810 3689 Secunde¹⁰
840 3645 977 3707 vespere
1007 3635 1103 3688 erunt
1133 3628 1175 3689 de
1205 3636 1322 3690 sancto
1346 3628 1502 3714 Georgio‚
1524 3639 1556 3691 et

353 3711 523 3777 solennis¹⁷
540 3714 699 3776 memoria
715 3713 756 3774 de
772 3713 947 3785 dominica
965 3714 1056 3774 etde
1073 3715 1317 3777 resurrectione.

352 3503 432 3573 April
446 3500 500 3572 23]

396 3840 429 3909 ΙΙ
454 3834 548 3896 Feria
563 3835 603 3896 ii.
619 3835 661 3896 de
676 3842 792 3896 sancto
809 3832 961 3914 Georgi0‚
979 3832 1098 3896 festum
1115 3834 1225 3896 minus
1248 3835 1383 3917 duplex.

396 3960 430 4030 (l
454 3955 548 4017 Feria
564 3954 613 4017 ,iii
631 3954 672 4015 de
687 3963 804 4015 sancto
822 3953 945 4015 Marco.
995 3953 1134 4016 Inferius
1150 3953 1285 4036 duplex.

387 4265 394 4295 ¹
413 4265 444 4313 de
455 4265 496 4314 sor
505 4274 546 4314 et:
564 4278 603 4314 01.
1070 4263 1123 4300 '²-³
1138 4282 1185 4314 om.
1200 4264 1240 4326 87,
1254 4264 1294 4315 88.

389 4331 397 4359 ⁴
415 4347 439 4378 rn
452 4329 582 4380 laudibus:
600 4331 655 4378 add.
671 4328 710 4390 87,
724 4328 763 4377 88.
1070 4329 1079 4358 ³
1096 4329 1128 4378 ad
1140 4331 1241 4381 laudes:
1259 4333 1316 4381 add.
1330 4343 1372 4394 97,
1384 4346 1426 4383 01.

388 4393 398 4423 l
414 4395 555 4443 Translatio
567 4396 593 4445 S,
609 4395 719 4453 Ricardi,
736 4394 763 4442 16
773 4395 831 4457 Jun.
1072 4394 1082 4427 ⁷
1100 4395 1247 4446 Trinitatis:
1265 4397 1306 4458 87,
1320 4396 1360 4447 88.

386 4460 398 4490 ³
416 4462 462 4509 Sue
474 4478 489 4508 a
501 4461 552 4509 rule
564 4461 589 4508 in
601 4460 700 4521 Deseris.
716 4461 810 4508 Deleri,
825 4476 846 4509 c.
863 4471 900 4520 17,
915 4475 938 4523 p.
953 4473 976 4521 9.
1071 4458 1082 4490 ⁸
1098 4460 1146 4510 ad:
1164 4478 1211 4511 om.
1226 4475 1266 4511 ot.

389 4524 409 4554 ¹¹*
425 4536 467 4575 et:
485 4543 530 4573 om⁴
545 4525 584 4585 87.
1066 4524 1083 4554 ¹¹
1101 4526 1149 4576 ad:
1167 4543 1213 4576 om.
1232 4526 1272 4577 88.

390 4589 409 4619 ¹²
426 4591 517 4639 etiamr
534 4607 580 4637 om.
596 4589 636 4649 87,
649 4589 688 4638 88.
1065 4588 1085 4620 ¹³
1102 4591 1207 4642 testum:
1224 4609 1271 4642 om.
1286 4591 1328 4653 87,
1341 4592 1381 4644 88.

390 4653 409 4684 ¹⁴
425 4655 516 4703 etiam:
534 4671 580 4702 om,
596 4653 636 4714 87,
649 4654 687 4702 88.
1066 4654 1085 4685 ¹⁵
1102 4656 1181 4720 prima
1193 4658 1271 4722 before
1282 4670 1357 4722 pust:
1375 4659 1418 4721 87,
1431 4660 1472 4710 88.

389 4719 409 4749 ¹⁶
425 4720 548 4769 secunde:
566 4735 611 4767 om.
627 4719 667 4778 87,
680 4719 719 4767 88.
1067 4720 1086 4752 ¹⁷
1102 4722 1227 4773 solennis:
1244 4740 1291 4772 om,
1305 4724 1347 4786 87,
1365 4724 1404 4775 88.
