<?xml version="1.0" encoding="UTF-8"?>
<!DOCTYPE html PUBLIC "-//W3C//DTD XHTML 1.0 Transitional//EN"
    "http://www.w3.org/TR/xhtml1/DTD/xhtml1-transitional.dtd">
<html xmlns="http://www.w3.org/1999/xhtml" xml:lang="en" lang="en">
 <head>
  <title>
</title>
<meta http-equiv="Content-Type" content="text/html;charset=utf-8" />
  <meta name='ocr-system' content='tesseract 3.04.00' />
  <meta name='ocr-capabilities' content='ocr_page ocr_carea ocr_par ocr_line ocrx_word'/>
</head>
<body>
  <div class='ocr_page' id='page_1' title='image "./ordinalesarvmsi00maydgoog/ordinalesarvmsi00maydgoog_0109.png"; bbox 0 0 3834 5734; ppageno 0'>
   <div class='ocr_carea' id='block_1_1' title="bbox 652 652 1563 717">
    <p class='ocr_par' dir='ltr' id='par_1_1' title="bbox 652 652 1563 717">
     <span class='ocr_line' id='line_1_1' title="bbox 652 652 1563 717; baseline -0.005 -12"><span class='ocrx_word' id='word_1_1' title='bbox 652 654 753 717; x_wconf 81' lang='lat' dir='ltr'><em>QUAR</em></span> <span class='ocrx_word' id='word_1_2' title='bbox 757 654 783 702; x_wconf 84' lang='lat' dir='ltr'><em>T</em></span> <span class='ocrx_word' id='word_1_3' title='bbox 782 652 843 704; x_wconf 75' lang='grc' dir='ltr'>ΠΜ</span> <span class='ocrx_word' id='word_1_4' title='bbox 860 654 894 701; x_wconf 82' lang='lat' dir='ltr'>A.</span> <span class='ocrx_word' id='word_1_5' title='bbox 929 652 995 701; x_wconf 75' lang='lat' dir='ltr'>xvii.</span> <span class='ocrx_word' id='word_1_6' title='bbox 1013 652 1085 700; x_wconf 67' lang='lat' dir='ltr'>xiiis.</span> <span class='ocrx_word' id='word_1_7' title='bbox 1104 652 1141 701; x_wconf 82' lang='lat' dir='ltr'>xe&#39;.</span> <span class='ocrx_word' id='word_1_8' title='bbox 1161 653 1196 702; x_wconf 81' lang='lat' dir='ltr'>vi.</span> <span class='ocrx_word' id='word_1_9' title='bbox 1216 653 1257 702; x_wconf 73' lang='lat' dir='ltr'>iii.</span> <span class='ocrx_word' id='word_1_10' title='bbox 1534 655 1563 705; x_wconf 85' lang='lat'>81</span> 
     </span>
    </p>
   </div>
   <div class='ocr_carea' id='block_1_2' title="bbox 351 804 1566 1063">
    <p class='ocr_par' dir='ltr' id='par_1_2' title="bbox 351 804 1566 1063">
     <span class='ocr_line' id='line_1_2' title="bbox 400 804 1566 888; baseline -0.003 -14"><span class='ocrx_word' id='word_1_11' title='bbox 400 816 436 887; x_wconf 67' lang='lat'>(1</span> <span class='ocrx_word' id='word_1_12' title='bbox 460 810 557 874; x_wconf 86' lang='lat' dir='ltr'>Feria</span> <span class='ocrx_word' id='word_1_13' title='bbox 579 808 643 872; x_wconf 80' lang='lat' dir='ltr'>iiii.</span> <span class='ocrx_word' id='word_1_14' title='bbox 668 806 699 870; x_wconf 91' lang='lat' dir='ltr'>in</span> <span class='ocrx_word' id='word_1_15' title='bbox 726 806 836 888; x_wconf 84' lang='lat' dir='ltr'>capite</span> <span class='ocrx_word' id='word_1_16' title='bbox 861 804 981 878; x_wconf 91' lang='lat' dir='ltr'>ieiunii,</span> <span class='ocrx_word' id='word_1_17' title='bbox 1009 813 1118 868; x_wconf 90' lang='lat' dir='ltr'>totum</span> <span class='ocrx_word' id='word_1_18' title='bbox 1142 805 1185 867; x_wconf 91' lang='lat' dir='ltr'>de</span> <span class='ocrx_word' id='word_1_19' title='bbox 1209 805 1296 869; x_wconf 88' lang='lat' dir='ltr'>seria.</span> <span class='ocrx_word' id='word_1_20' title='bbox 1345 806 1400 871; x_wconf 84' lang='lat' dir='ltr'>Ab</span> <span class='ocrx_word' id='word_1_21' title='bbox 1426 807 1489 871; x_wconf 90' lang='lat' dir='ltr'>hac</span> <span class='ocrx_word' id='word_1_22' title='bbox 1511 809 1566 872; x_wconf 87' lang='lat' dir='ltr'>die</span> 
     </span>
     <span class='ocr_line' id='line_1_3' title="bbox 351 890 1566 981; baseline -0.002 -20"><span class='ocrx_word' id='word_1_23' title='bbox 351 918 465 981; x_wconf 87' lang='lat' dir='ltr'>vsque</span> <span class='ocrx_word' id='word_1_24' title='bbox 486 897 529 960; x_wconf 88' lang='lat' dir='ltr'>ad</span> <span class='ocrx_word' id='word_1_25' title='bbox 552 905 708 959; x_wconf 89' lang='lat' dir='ltr'>octauam</span> <span class='ocrx_word' id='word_1_26' title='bbox 732 895 835 957; x_wconf 86' lang='lat' dir='ltr'>Pasce</span> <span class='ocrx_word' id='word_1_27' title='bbox 859 891 939 955; x_wconf 91' lang='lat' dir='ltr'>nihil</span> <span class='ocrx_word' id='word_1_28' title='bbox 968 890 1025 955; x_wconf 90' lang='lat' dir='ltr'>fiat</span> <span class='ocrx_word' id='word_1_29' title='bbox 1051 893 1093 954; x_wconf 86' lang='lat' dir='ltr'>de</span> <span class='ocrx_word' id='word_1_30' title='bbox 1116 890 1213 955; x_wconf 90' lang='lat' dir='ltr'>sesto¹</span> <span class='ocrx_word' id='word_1_31' title='bbox 1230 893 1280 956; x_wconf 94' lang='lat' dir='ltr'>.iii.</span> <span class='ocrx_word' id='word_1_32' title='bbox 1297 893 1476 958; x_wconf 89' lang='lat' dir='ltr'>lectionum</span> <span class='ocrx_word' id='word_1_33' title='bbox 1505 898 1566 959; x_wconf 92' lang='lat' dir='ltr'>nisi</span> 
     </span>
     <span class='ocr_line' id='line_1_4' title="bbox 351 979 1399 1063; baseline -0.003 -14"><span class='ocrx_word' id='word_1_34' title='bbox 351 996 490 1050; x_wconf 88' lang='lat' dir='ltr'>tantum</span> <span class='ocrx_word' id='word_1_35' title='bbox 507 983 666 1046; x_wconf 90' lang='lat' dir='ltr'>memoria</span> <span class='ocrx_word' id='word_1_36' title='bbox 681 982 723 1045; x_wconf 90' lang='lat' dir='ltr'>ad</span> <span class='ocrx_word' id='word_1_37' title='bbox 739 999 895 1063; x_wconf 84' lang='lat' dir='ltr'>vesperas</span> <span class='ocrx_word' id='word_1_38' title='bbox 911 981 957 1042; x_wconf 89' lang='lat' dir='ltr'>et¹</span> <span class='ocrx_word' id='word_1_39' title='bbox 973 979 1153 1041; x_wconf 88' lang='lat' dir='ltr'>matutinas</span> <span class='ocrx_word' id='word_1_40' title='bbox 1170 979 1267 1044; x_wconf 88' lang='lat' dir='ltr'>beate</span> <span class='ocrx_word' id='word_1_41' title='bbox 1284 980 1399 1046; x_wconf 86' lang='lat' dir='ltr'>Marie.</span> 
     </span>
    </p>
   </div>
   <div class='ocr_carea' id='block_1_3' title="bbox 403 1097 1218 1301">
    <p class='ocr_par' dir='ltr' id='par_1_3' title="bbox 403 1097 1218 1301">
     <span class='ocr_line' id='line_1_5' title="bbox 403 1097 1199 1182; baseline -0.008 -14"><span class='ocrx_word' id='word_1_42' title='bbox 403 1112 437 1182; x_wconf 68' lang='lat'>01</span> <span class='ocrx_word' id='word_1_43' title='bbox 462 1105 558 1168; x_wconf 89' lang='lat' dir='ltr'>Feria</span> <span class='ocrx_word' id='word_1_44' title='bbox 572 1125 611 1167; x_wconf 89' lang='lat' dir='ltr'>.v.</span> <span class='ocrx_word' id='word_1_45' title='bbox 626 1102 669 1165; x_wconf 89' lang='lat' dir='ltr'>de</span> <span class='ocrx_word' id='word_1_46' title='bbox 684 1110 802 1165; x_wconf 91' lang='lat' dir='ltr'>sancto</span> <span class='ocrx_word' id='word_1_47' title='bbox 818 1099 940 1172; x_wconf 92' lang='lat' dir='ltr'>Dauid,</span> <span class='ocrx_word' id='word_1_48' title='bbox 956 1099 1002 1161; x_wconf 86' lang='lat' dir='ltr'>ix.</span> <span class='ocrx_word' id='word_1_49' title='bbox 1018 1097 1199 1163; x_wconf 70' lang='lat' dir='ltr'>lectiones⁸</span> 
     </span>
     <span class='ocr_line' id='line_1_6' title="bbox 404 1218 1218 1301; baseline -0.006 -14"><span class='ocrx_word' id='word_1_50' title='bbox 404 1231 438 1301; x_wconf 69' lang='lat'>01</span> <span class='ocrx_word' id='word_1_51' title='bbox 463 1224 559 1287; x_wconf 89' lang='lat' dir='ltr'>Feria</span> <span class='ocrx_word' id='word_1_52' title='bbox 574 1223 624 1286; x_wconf 90' lang='lat' dir='ltr'>.vi.</span> <span class='ocrx_word' id='word_1_53' title='bbox 639 1222 683 1285; x_wconf 92' lang='lat' dir='ltr'>de</span> <span class='ocrx_word' id='word_1_54' title='bbox 698 1229 816 1284; x_wconf 90' lang='lat' dir='ltr'>sancto</span> <span class='ocrx_word' id='word_1_55' title='bbox 833 1218 958 1294; x_wconf 91' lang='lat' dir='ltr'>Cedda,</span> <span class='ocrx_word' id='word_1_56' title='bbox 975 1219 1020 1281; x_wconf 88' lang='lat' dir='ltr'>ix.</span> <span class='ocrx_word' id='word_1_57' title='bbox 1037 1218 1218 1283; x_wconf 68' lang='lat' dir='ltr'>lectiones*</span> 
     </span>
    </p>
   </div>
   <div class='ocr_carea' id='block_1_4' title="bbox 356 1339 1564 1513">
    <p class='ocr_par' dir='ltr' id='par_1_4' title="bbox 356 1339 1564 1513">
     <span class='ocr_line' id='line_1_7' title="bbox 404 1339 1564 1422; baseline -0.002 -14"><span class='ocrx_word' id='word_1_58' title='bbox 404 1351 438 1421; x_wconf 69' lang='lat'>01</span> <span class='ocrx_word' id='word_1_59' title='bbox 462 1343 612 1408; x_wconf 87' lang='lat' dir='ltr'>Sabbato</span> <span class='ocrx_word' id='word_1_60' title='bbox 649 1341 778 1405; x_wconf 88' lang='lat' dir='ltr'>dicatur</span> <span class='ocrx_word' id='word_1_61' title='bbox 815 1340 958 1422; x_wconf 91' lang='lat' dir='ltr'>primum</span> <span class='ocrx_word' id='word_1_62' title='bbox 999 1339 1260 1421; x_wconf 87' lang='lat' dir='ltr'>Responsorium</span> <span class='ocrx_word' id='word_1_63' title='bbox 1307 1341 1450 1419; x_wconf 92' lang='lat' dir='ltr'>historie,</span> <span class='ocrx_word' id='word_1_64' title='bbox 1488 1363 1564 1407; x_wconf 92' lang='lat' dir='ltr'>cum</span> 
     </span>
     <span class='ocr_line' id='line_1_8' title="bbox 356 1426 937 1513; baseline -0.009 -17"><span class='ocrx_word' id='word_1_65' title='bbox 356 1433 494 1496; x_wconf 89' lang='lat' dir='ltr'>duobus</span> <span class='ocrx_word' id='word_1_66' title='bbox 511 1428 744 1513; x_wconf 89' lang='lat' dir='ltr'>Responsoriis</span> <span class='ocrx_word' id='word_1_67' title='bbox 761 1426 937 1491; x_wconf 80' lang='lat' dir='ltr'>ferialibus.</span> 
     </span>
    </p>
   </div>
   <div class='ocr_carea' id='block_1_5' title="bbox 358 1547 1492 1630">
    <p class='ocr_par' dir='ltr' id='par_1_5' title="bbox 358 1547 1492 1630">
     <span class='ocr_line' id='line_1_9' title="bbox 358 1547 1492 1630; baseline 0.003 -19"><span class='ocrx_word' id='word_1_68' title='bbox 358 1557 465 1611; x_wconf 75' lang='lat' dir='ltr'>March</span> <span class='ocrx_word' id='word_1_69' title='bbox 480 1551 516 1624; x_wconf 81' lang='lat'>5.]</span> <span class='ocrx_word' id='word_1_70' title='bbox 551 1556 585 1626; x_wconf 69' lang='lat'>01</span> <span class='ocrx_word' id='word_1_71' title='bbox 608 1548 787 1614; x_wconf 89' lang='lat' dir='ltr'>Dominica</span> <span class='ocrx_word' id='word_1_72' title='bbox 802 1548 830 1612; x_wconf 92' lang='lat' dir='ltr'>.i.</span> <span class='ocrx_word' id='word_1_73' title='bbox 846 1547 1110 1630; x_wconf 84' lang='lat' dir='ltr'>quadragesime,</span> <span class='ocrx_word' id='word_1_74' title='bbox 1128 1556 1199 1610; x_wconf 92' lang='lat' dir='ltr'>tota</span> <span class='ocrx_word' id='word_1_75' title='bbox 1214 1548 1333 1611; x_wconf 90' lang='lat' dir='ltr'>dieitur</span> <span class='ocrx_word' id='word_1_76' title='bbox 1347 1549 1492 1614; x_wconf 86' lang='lat' dir='ltr'>historia.</span> 
     </span>
    </p>
   </div>
   <div class='ocr_carea' id='block_1_6' title="bbox 405 1786 1356 1871">
    <p class='ocr_par' dir='ltr' id='par_1_6' title="bbox 405 1786 1356 1871">
     <span class='ocr_line' id='line_1_10' title="bbox 405 1786 1356 1871; baseline -0.005 -15"><span class='ocrx_word' id='word_1_77' title='bbox 405 1798 439 1868; x_wconf 69' lang='lat'>01</span> <span class='ocrx_word' id='word_1_78' title='bbox 462 1790 642 1856; x_wconf 90' lang='lat' dir='ltr'>Dominica</span> <span class='ocrx_word' id='word_1_79' title='bbox 656 1789 696 1852; x_wconf 87' lang='lat' dir='ltr'>ii.</span> <span class='ocrx_word' id='word_1_80' title='bbox 712 1786 974 1871; x_wconf 83' lang='lat' dir='ltr'>quadragesime,</span> <span class='ocrx_word' id='word_1_81' title='bbox 991 1795 1063 1850; x_wconf 92' lang='lat' dir='ltr'>tota</span> <span class='ocrx_word' id='word_1_82' title='bbox 1077 1787 1198 1850; x_wconf 89' lang='lat' dir='ltr'>dicitur</span> <span class='ocrx_word' id='word_1_83' title='bbox 1211 1787 1356 1851; x_wconf 87' lang='lat' dir='ltr'>historia.</span> 
     </span>
    </p>
   </div>
   <div class='ocr_carea' id='block_1_7' title="bbox 360 1906 1566 2084">
    <p class='ocr_par' dir='ltr' id='par_1_7' title="bbox 360 1906 1566 2084">
     <span class='ocr_line' id='line_1_11' title="bbox 404 1906 1566 1992; baseline -0.003 -15"><span class='ocrx_word' id='word_1_84' title='bbox 404 1919 440 1990; x_wconf 69' lang='lat' dir='ltr'>(I</span> <span class='ocrx_word' id='word_1_85' title='bbox 464 1914 601 1976; x_wconf 89' lang='lat' dir='ltr'>Festum</span> <span class='ocrx_word' id='word_1_86' title='bbox 617 1909 723 1973; x_wconf 88' lang='lat' dir='ltr'>sancti</span> <span class='ocrx_word' id='word_1_87' title='bbox 750 1907 898 1992; x_wconf 87' lang='lat' dir='ltr'>Gregorii</span> <span class='ocrx_word' id='word_1_88' title='bbox 925 1906 1097 1971; x_wconf 81' lang='lat' dir='ltr'>differatur</span> <span class='ocrx_word' id='word_1_89' title='bbox 1122 1907 1154 1970; x_wconf 92' lang='lat' dir='ltr'>in</span> <span class='ocrx_word' id='word_1_90' title='bbox 1180 1909 1367 1972; x_wconf 90' lang='lat' dir='ltr'>crastinum.</span> <span class='ocrx_word' id='word_1_91' title='bbox 1413 1910 1469 1973; x_wconf 89' lang='lat' dir='ltr'>Ad</span> <span class='ocrx_word' id='word_1_92' title='bbox 1494 1931 1566 1973; x_wconf 90' lang='lat' dir='ltr'>ves-</span> 
     </span>
     <span class='ocr_line' id='line_1_12' title="bbox 360 1994 1407 2084; baseline -0.005 -21"><span class='ocrx_word' id='word_1_93' title='bbox 360 2022 460 2084; x_wconf 88' lang='lat' dir='ltr'>peras</span> <span class='ocrx_word' id='word_1_94' title='bbox 475 1999 581 2063; x_wconf 91' lang='lat' dir='ltr'>sancti</span> <span class='ocrx_word' id='word_1_95' title='bbox 598 1995 749 2079; x_wconf 88' lang='lat' dir='ltr'>Gregorii</span> <span class='ocrx_word' id='word_1_96' title='bbox 765 1995 823 2058; x_wconf 87' lang='lat' dir='ltr'>fiat</span> <span class='ocrx_word' id='word_1_97' title='bbox 837 1994 983 2057; x_wconf 87' lang='lat' dir='ltr'>solennis</span> <span class='ocrx_word' id='word_1_98' title='bbox 1001 1994 1161 2058; x_wconf 87' lang='lat' dir='ltr'>memoria</span> <span class='ocrx_word' id='word_1_99' title='bbox 1175 1995 1218 2058; x_wconf 88' lang='lat' dir='ltr'>de</span> <span class='ocrx_word' id='word_1_100' title='bbox 1233 1996 1407 2059; x_wconf 89' lang='lat' dir='ltr'>dominica.</span> 
     </span>
    </p>
   </div>
   <div class='ocr_carea' id='block_1_8' title="bbox 363 2113 1566 2283">
    <p class='ocr_par' dir='ltr' id='par_1_8' title="bbox 363 2113 1566 2283">
     <span class='ocr_line' id='line_1_13' title="bbox 404 2113 1566 2199; baseline -0.003 -17"><span class='ocrx_word' id='word_1_101' title='bbox 404 2126 440 2197; x_wconf 62' lang='grc' dir='ltr'>(Ι</span> <span class='ocrx_word' id='word_1_102' title='bbox 464 2121 559 2182; x_wconf 89' lang='lat' dir='ltr'>Feria</span> <span class='ocrx_word' id='word_1_103' title='bbox 583 2118 622 2182; x_wconf 89' lang='lat' dir='ltr'>.ii.</span> <span class='ocrx_word' id='word_1_104' title='bbox 645 2117 687 2181; x_wconf 91' lang='lat' dir='ltr'>de</span> <span class='ocrx_word' id='word_1_105' title='bbox 709 2125 827 2181; x_wconf 85' lang='lat' dir='ltr'>sancto</span> <span class='ocrx_word' id='word_1_106' title='bbox 850 2115 1019 2197; x_wconf 69' lang='lat' dir='ltr'>Gregorio</span> <span class='ocrx_word' id='word_1_107' title='bbox 1035 2113 1170 2179; x_wconf 81' lang='lat' dir='ltr'>inferius</span> <span class='ocrx_word' id='word_1_108' title='bbox 1192 2116 1329 2198; x_wconf 86' lang='lat' dir='ltr'>duplex.</span> <span class='ocrx_word' id='word_1_109' title='bbox 1375 2116 1566 2199; x_wconf 86' lang='lat' dir='ltr'>Capitulum</span> 
     </span>
     <span class='ocr_line' id='line_1_14' title="bbox 363 2202 1176 2283; baseline -0.005 -13"><span class='ocrx_word' id='word_1_110' title='bbox 363 2209 444 2272; x_wconf 87' lang='lat' dir='ltr'>Ecce</span> <span class='ocrx_word' id='word_1_111' title='bbox 457 2206 610 2281; x_wconf 82' lang='lat' dir='ltr'>sacerdos,</span> <span class='ocrx_word' id='word_1_112' title='bbox 627 2205 671 2267; x_wconf 90' lang='lat' dir='ltr'>ix.</span> <span class='ocrx_word' id='word_1_113' title='bbox 687 2203 854 2278; x_wconf 74' lang='lat' dir='ltr'>lectiones</span> <span class='ocrx_word' id='word_1_114' title='bbox 871 2202 941 2264; x_wconf 90' lang='lat' dir='ltr'>sine</span> <span class='ocrx_word' id='word_1_115' title='bbox 956 2202 1176 2283; x_wconf 89' lang='lat' dir='ltr'>expositione.</span> 
     </span>
    </p>
   </div>
   <div class='ocr_carea' id='block_1_9' title="bbox 364 2329 1566 2488">
    <p class='ocr_par' dir='ltr' id='par_1_9' title="bbox 364 2329 1566 2488">
     <span class='ocr_line' id='line_1_15' title="bbox 406 2329 1566 2413; baseline -0.003 -16"><span class='ocrx_word' id='word_1_116' title='bbox 406 2342 440 2411; x_wconf 76' lang='lat'>([</span> <span class='ocrx_word' id='word_1_117' title='bbox 464 2334 560 2397; x_wconf 90' lang='lat' dir='ltr'>Feria</span> <span class='ocrx_word' id='word_1_118' title='bbox 575 2354 613 2397; x_wconf 87' lang='lat' dir='ltr'>.v.</span> <span class='ocrx_word' id='word_1_119' title='bbox 629 2331 749 2395; x_wconf 91' lang='lat' dir='ltr'>dicitur</span> <span class='ocrx_word' id='word_1_120' title='bbox 772 2330 914 2413; x_wconf 90' lang='lat' dir='ltr'>primum</span> <span class='ocrx_word' id='word_1_121' title='bbox 940 2329 1202 2412; x_wconf 90' lang='lat' dir='ltr'>Responsorium</span> <span class='ocrx_word' id='word_1_122' title='bbox 1226 2330 1346 2406; x_wconf 84' lang='lat' dir='ltr'>feriale,</span> <span class='ocrx_word' id='word_1_123' title='bbox 1363 2340 1396 2394; x_wconf 87' lang='lat' dir='ltr'>et</span> <span class='ocrx_word' id='word_1_124' title='bbox 1419 2330 1508 2395; x_wconf 90' lang='lat' dir='ltr'>aliud</span> <span class='ocrx_word' id='word_1_125' title='bbox 1534 2332 1566 2394; x_wconf 91' lang='lat' dir='ltr'>in</span> 
     </span>
     <span class='ocr_line' id='line_1_16' title="bbox 364 2423 518 2488; baseline -0.032 0"><span class='ocrx_word' id='word_1_126' title='bbox 364 2424 414 2488; x_wconf 88' lang='lat' dir='ltr'>.vi.</span> <span class='ocrx_word' id='word_1_127' title='bbox 430 2423 518 2485; x_wconf 85' lang='lat' dir='ltr'>seria.</span> 
     </span>
    </p>
   </div>
   <div class='ocr_carea' id='block_1_10' title="bbox 365 2537 1569 2867">
    <p class='ocr_par' dir='ltr' id='par_1_10' title="bbox 365 2537 1569 2867">
     <span class='ocr_line' id='line_1_17' title="bbox 407 2537 1567 2622; baseline -0.003 -16"><span class='ocrx_word' id='word_1_128' title='bbox 407 2550 442 2619; x_wconf 72' lang='grc' dir='ltr'>ΙΙ</span> <span class='ocrx_word' id='word_1_129' title='bbox 465 2540 624 2616; x_wconf 87' lang='lat' dir='ltr'>Sabbato‚</span> <span class='ocrx_word' id='word_1_130' title='bbox 647 2538 691 2602; x_wconf 92' lang='lat' dir='ltr'>de</span> <span class='ocrx_word' id='word_1_131' title='bbox 721 2546 838 2602; x_wconf 89' lang='lat' dir='ltr'>sancto</span> <span class='ocrx_word' id='word_1_132' title='bbox 865 2537 1041 2613; x_wconf 89' lang='lat' dir='ltr'>Edwardo,</span> <span class='ocrx_word' id='word_1_133' title='bbox 1069 2537 1123 2600; x_wconf 87' lang='lat' dir='ltr'>ix.</span> <span class='ocrx_word' id='word_1_134' title='bbox 1150 2538 1316 2601; x_wconf 88' lang='lat' dir='ltr'>lectiones.</span> <span class='ocrx_word' id='word_1_135' title='bbox 1374 2538 1567 2622; x_wconf 86' lang='lat' dir='ltr'>Capitulum</span> 
     </span>
     <span class='ocr_line' id='line_1_18' title="bbox 365 2624 1569 2709; baseline -0.002 -16"><span class='ocrx_word' id='word_1_136' title='bbox 365 2632 487 2694; x_wconf 80' lang='lat' dir='ltr'>Beatus</span> <span class='ocrx_word' id='word_1_137' title='bbox 501 2629 558 2691; x_wconf 81' lang='lat' dir='ltr'>vir</span> <span class='ocrx_word' id='word_1_138' title='bbox 570 2626 630 2708; x_wconf 85' lang='lat' dir='ltr'>qui</span> <span class='ocrx_word' id='word_1_139' title='bbox 642 2626 678 2689; x_wconf 84' lang='lat' dir='ltr'>in</span> <span class='ocrx_word' id='word_1_140' title='bbox 692 2624 859 2707; x_wconf 80' lang='lat' dir='ltr'>sapientia.</span> <span class='ocrx_word' id='word_1_141' title='bbox 906 2625 1167 2707; x_wconf 91' lang='lat' dir='ltr'>Responsorium</span> <span class='ocrx_word' id='word_1_142' title='bbox 1178 2624 1289 2702; x_wconf 85' lang='lat' dir='ltr'>Pater,</span> <span class='ocrx_word' id='word_1_143' title='bbox 1299 2627 1432 2707; x_wconf 84' lang='lat' dir='ltr'>peccaui</span> <span class='ocrx_word' id='word_1_144' title='bbox 1444 2637 1569 2709; x_wconf 87' lang='lat' dir='ltr'>preter-</span> 
     </span>
     <span class='ocr_line' id='line_1_19' title="bbox 366 2711 1569 2794; baseline -0.002 -13"><span class='ocrx_word' id='word_1_145' title='bbox 366 2720 518 2781; x_wconf 84' lang='lat' dir='ltr'>mittatur</span> <span class='ocrx_word' id='word_1_146' title='bbox 533 2716 598 2778; x_wconf 87' lang='lat' dir='ltr'>isto</span> <span class='ocrx_word' id='word_1_147' title='bbox 612 2733 710 2777; x_wconf 88' lang='lat' dir='ltr'>anno.</span> <span class='ocrx_word' id='word_1_148' title='bbox 766 2711 823 2775; x_wconf 92' lang='lat' dir='ltr'>Ad</span> <span class='ocrx_word' id='word_1_149' title='bbox 840 2731 996 2794; x_wconf 88' lang='lat' dir='ltr'>vesperas</span> <span class='ocrx_word' id='word_1_150' title='bbox 1013 2711 1054 2773; x_wconf 92' lang='lat' dir='ltr'>de</span> <span class='ocrx_word' id='word_1_151' title='bbox 1069 2711 1244 2788; x_wconf 89' lang='lat' dir='ltr'>dominica,</span> <span class='ocrx_word' id='word_1_152' title='bbox 1262 2712 1320 2776; x_wconf 90' lang='lat' dir='ltr'>fiat</span> <span class='ocrx_word' id='word_1_153' title='bbox 1342 2716 1502 2777; x_wconf 88' lang='lat' dir='ltr'>memoria</span> <span class='ocrx_word' id='word_1_154' title='bbox 1526 2715 1569 2779; x_wconf 94' lang='lat' dir='ltr'>de</span> 
     </span>
     <span class='ocr_line' id='line_1_20' title="bbox 365 2799 676 2867; baseline -0.016 0"><span class='ocrx_word' id='word_1_155' title='bbox 365 2812 482 2867; x_wconf 84' lang='lat' dir='ltr'>sancto</span> <span class='ocrx_word' id='word_1_156' title='bbox 499 2799 676 2867; x_wconf 80' lang='lat' dir='ltr'>Edwardo,</span> 
     </span>
    </p>
   </div>
   <div class='ocr_carea' id='block_1_11' title="bbox 366 2926 1570 3168">
    <p class='ocr_par' dir='ltr' id='par_1_11' title="bbox 366 2926 1570 3168">
     <span class='ocr_line' id='line_1_21' title="bbox 568 2926 1570 3010; baseline 0.002 -19"><span class='ocrx_word' id='word_1_157' title='bbox 568 2936 601 3005; x_wconf 68' lang='grc' dir='ltr'>(Ι</span> <span class='ocrx_word' id='word_1_158' title='bbox 624 2926 803 2991; x_wconf 88' lang='lat' dir='ltr'>Dominica</span> <span class='ocrx_word' id='word_1_159' title='bbox 825 2926 875 2991; x_wconf 90' lang='lat' dir='ltr'>.iii.</span> <span class='ocrx_word' id='word_1_160' title='bbox 891 2927 1153 3009; x_wconf 85' lang='lat' dir='ltr'>quadragesime,</span> <span class='ocrx_word' id='word_1_161' title='bbox 1172 2926 1301 3010; x_wconf 80' lang='lat' dir='ltr'>[eviii]</span> <span class='ocrx_word' id='word_1_162' title='bbox 1325 2936 1396 2992; x_wconf 90' lang='lat' dir='ltr'>tota</span> <span class='ocrx_word' id='word_1_163' title='bbox 1418 2938 1570 2994; x_wconf 89' lang='lat' dir='ltr'>cantetur</span> 
     </span>
     <span class='ocr_line' id='line_1_22' title="bbox 568 3013 1569 3096; baseline 0.002 -17"><span class='ocrx_word' id='word_1_164' title='bbox 568 3015 713 3079; x_wconf 78' lang='lat' dir='ltr'>historia.</span> <span class='ocrx_word' id='word_1_165' title='bbox 769 3013 826 3077; x_wconf 88' lang='lat' dir='ltr'>Ad</span> <span class='ocrx_word' id='word_1_166' title='bbox 849 3014 974 3096; x_wconf 89' lang='lat' dir='ltr'>primas</span> <span class='ocrx_word' id='word_1_167' title='bbox 998 3033 1152 3096; x_wconf 88' lang='lat' dir='ltr'>vesperas</span> <span class='ocrx_word' id='word_1_168' title='bbox 1177 3014 1283 3077; x_wconf 90' lang='lat' dir='ltr'>sancti</span> <span class='ocrx_word' id='word_1_169' title='bbox 1308 3015 1493 3093; x_wconf 87' lang='lat' dir='ltr'>Cuthberti,</span> <span class='ocrx_word' id='word_1_170' title='bbox 1510 3017 1569 3081; x_wconf 89' lang='lat' dir='ltr'>fiat</span> 
     </span>
     <span class='ocr_line' id='line_1_23' title="bbox 366 3100 775 3168; baseline -0.007 -1"><span class='ocrx_word' id='word_1_171' title='bbox 366 3103 528 3168; x_wconf 84' lang='lat' dir='ltr'>memoria</span> <span class='ocrx_word' id='word_1_172' title='bbox 543 3104 585 3167; x_wconf 88' lang='lat' dir='ltr'>de</span> <span class='ocrx_word' id='word_1_173' title='bbox 600 3100 775 3167; x_wconf 86' lang='lat' dir='ltr'>dominica</span> 
     </span>
    </p>
   </div>
   <div class='ocr_carea' id='block_1_12' title="bbox 367 2977 538 3050">
    <p class='ocr_par' dir='ltr' id='par_1_12' title="bbox 367 2977 538 3050">
     <span class='ocr_line' id='line_1_24' title="bbox 367 2977 538 3050; baseline -0.018 -13"><span class='ocrx_word' id='word_1_174' title='bbox 367 2983 468 3037; x_wconf 84' lang='lat' dir='ltr'>March</span> <span class='ocrx_word' id='word_1_175' title='bbox 485 2977 538 3050; x_wconf 67' lang='lat'>19]</span> 
     </span>
    </p>
   </div>
   <div class='ocr_carea' id='block_1_13' title="bbox 408 3228 1272 3308">
    <p class='ocr_par' dir='ltr' id='par_1_13' title="bbox 408 3228 1272 3308">
     <span class='ocr_line' id='line_1_25' title="bbox 408 3228 1272 3308; baseline -0.003 -13"><span class='ocrx_word' id='word_1_176' title='bbox 408 3238 443 3308; x_wconf 69' lang='lat'>01</span> <span class='ocrx_word' id='word_1_177' title='bbox 466 3233 495 3295; x_wconf 92' lang='lat' dir='ltr'>F</span> <span class='ocrx_word' id='word_1_178' title='bbox 495 3231 564 3295; x_wconf 86' lang='lat' dir='ltr'>eria</span> <span class='ocrx_word' id='word_1_179' title='bbox 577 3230 617 3294; x_wconf 89' lang='lat' dir='ltr'>.ii.</span> <span class='ocrx_word' id='word_1_180' title='bbox 633 3231 677 3295; x_wconf 90' lang='lat' dir='ltr'>de</span> <span class='ocrx_word' id='word_1_181' title='bbox 691 3237 809 3293; x_wconf 91' lang='lat' dir='ltr'>sancto</span> <span class='ocrx_word' id='word_1_182' title='bbox 825 3228 1018 3304; x_wconf 85' lang='lat' dir='ltr'>Cuthberto,</span> <span class='ocrx_word' id='word_1_183' title='bbox 1036 3229 1089 3292; x_wconf 71' lang='lat' dir='ltr'>ist.</span> <span class='ocrx_word' id='word_1_184' title='bbox 1106 3228 1272 3292; x_wconf 88' lang='lat' dir='ltr'>lectiones.</span> 
     </span>
    </p>
   </div>
   <div class='ocr_carea' id='block_1_14' title="bbox 365 3352 1571 3615">
    <p class='ocr_par' dir='ltr' id='par_1_14' title="bbox 365 3352 1571 3615">
     <span class='ocr_line' id='line_1_26' title="bbox 410 3352 1570 3436; baseline -0.001 -13"><span class='ocrx_word' id='word_1_185' title='bbox 410 3366 444 3436; x_wconf 69' lang='lat'>01</span> <span class='ocrx_word' id='word_1_186' title='bbox 468 3359 565 3423; x_wconf 86' lang='lat' dir='ltr'>Feria</span> <span class='ocrx_word' id='word_1_187' title='bbox 590 3358 642 3423; x_wconf 83' lang='lat' dir='ltr'>iii.</span> <span class='ocrx_word' id='word_1_188' title='bbox 666 3357 709 3421; x_wconf 94' lang='lat' dir='ltr'>de</span> <span class='ocrx_word' id='word_1_189' title='bbox 735 3365 852 3420; x_wconf 91' lang='lat' dir='ltr'>sancto</span> <span class='ocrx_word' id='word_1_190' title='bbox 879 3356 1069 3430; x_wconf 67' lang='lat' dir='ltr'>Benedicta</span> <span class='ocrx_word' id='word_1_191' title='bbox 1095 3357 1149 3420; x_wconf 84' lang='lat' dir='ltr'>ix.</span> <span class='ocrx_word' id='word_1_192' title='bbox 1166 3357 1332 3421; x_wconf 88' lang='lat' dir='ltr'>lectiones.</span> <span class='ocrx_word' id='word_1_193' title='bbox 1380 3360 1419 3422; x_wconf 96' lang='lat' dir='ltr'>ln</span> <span class='ocrx_word' id='word_1_194' title='bbox 1436 3380 1473 3422; x_wconf 92' lang='lat' dir='ltr'>.v.</span> <span class='ocrx_word' id='word_1_195' title='bbox 1490 3352 1570 3422; x_wconf 82' lang='lat' dir='ltr'>seria</span> 
     </span>
     <span class='ocr_line' id='line_1_27' title="bbox 366 3443 1571 3529; baseline -0.001 -19"><span class='ocrx_word' id='word_1_196' title='bbox 366 3447 489 3510; x_wconf 88' lang='lat' dir='ltr'>dicitur</span> <span class='ocrx_word' id='word_1_197' title='bbox 514 3446 658 3529; x_wconf 90' lang='lat' dir='ltr'>primum</span> <span class='ocrx_word' id='word_1_198' title='bbox 685 3444 944 3527; x_wconf 90' lang='lat' dir='ltr'>Responsorium</span> <span class='ocrx_word' id='word_1_199' title='bbox 973 3443 1092 3522; x_wconf 80' lang='lat' dir='ltr'>feriale,</span> <span class='ocrx_word' id='word_1_200' title='bbox 1119 3453 1154 3507; x_wconf 88' lang='lat' dir='ltr'>et</span> <span class='ocrx_word' id='word_1_201' title='bbox 1177 3444 1210 3506; x_wconf 93' lang='lat' dir='ltr'>in</span> <span class='ocrx_word' id='word_1_202' title='bbox 1237 3444 1287 3508; x_wconf 88' lang='lat' dir='ltr'>.vi.</span> <span class='ocrx_word' id='word_1_203' title='bbox 1310 3445 1390 3509; x_wconf 83' lang='lat' dir='ltr'>seria</span> <span class='ocrx_word' id='word_1_204' title='bbox 1416 3446 1571 3510; x_wconf 90' lang='lat' dir='ltr'>dicuntur</span> 
     </span>
     <span class='ocr_line' id='line_1_28' title="bbox 365 3530 824 3615; baseline -0.007 -18"><span class='ocrx_word' id='word_1_205' title='bbox 365 3537 435 3597; x_wconf 89' lang='lat' dir='ltr'>duo</span> <span class='ocrx_word' id='word_1_206' title='bbox 451 3532 676 3615; x_wconf 90' lang='lat' dir='ltr'>Responsoria</span> <span class='ocrx_word' id='word_1_207' title='bbox 691 3530 824 3594; x_wconf 81' lang='lat' dir='ltr'>ferialia.</span> 
     </span>
    </p>
   </div>
   <div class='ocr_carea' id='block_1_15' title="bbox 366 3654 1574 4072">
    <p class='ocr_par' dir='ltr' id='par_1_15' title="bbox 366 3654 1574 4072">
     <span class='ocr_line' id='line_1_29' title="bbox 410 3654 1571 3738; baseline -0.003 -12"><span class='ocrx_word' id='word_1_208' title='bbox 410 3667 445 3737; x_wconf 69' lang='lat'>01</span> <span class='ocrx_word' id='word_1_209' title='bbox 467 3662 625 3738; x_wconf 85' lang='lat' dir='ltr'>Sabbato,</span> <span class='ocrx_word' id='word_1_210' title='bbox 657 3661 776 3724; x_wconf 81' lang='lat' dir='ltr'>festum</span> <span class='ocrx_word' id='word_1_211' title='bbox 807 3658 1087 3722; x_wconf 84' lang='lat' dir='ltr'>Annunciationis</span> <span class='ocrx_word' id='word_1_212' title='bbox 1117 3659 1214 3723; x_wconf 87' lang='lat' dir='ltr'>beate</span> <span class='ocrx_word' id='word_1_213' title='bbox 1245 3660 1358 3724; x_wconf 89' lang='lat' dir='ltr'>Marie.</span> <span class='ocrx_word' id='word_1_214' title='bbox 1404 3654 1571 3724; x_wconf 71' lang='lat' dir='ltr'>Secunde&#39;</span> 
     </span>
     <span class='ocr_line' id='line_1_30' title="bbox 366 3745 1574 3831; baseline 0 -21"><span class='ocrx_word' id='word_1_215' title='bbox 366 3769 502 3831; x_wconf 84' lang='lat' dir='ltr'>vespere</span> <span class='ocrx_word' id='word_1_216' title='bbox 529 3758 626 3811; x_wconf 90' lang='lat' dir='ltr'>erunt</span> <span class='ocrx_word' id='word_1_217' title='bbox 652 3748 695 3811; x_wconf 88' lang='lat' dir='ltr'>de</span> <span class='ocrx_word' id='word_1_218' title='bbox 719 3748 811 3820; x_wconf 87' lang='lat' dir='ltr'>festo,</span> <span class='ocrx_word' id='word_1_219' title='bbox 827 3756 861 3809; x_wconf 88' lang='lat' dir='ltr'>et</span> <span class='ocrx_word' id='word_1_220' title='bbox 886 3745 1059 3808; x_wconf 71' lang='lat' dir='ltr'>memoria⁶</span> <span class='ocrx_word' id='word_1_221' title='bbox 1083 3745 1125 3809; x_wconf 83' lang='lat' dir='ltr'>de</span> <span class='ocrx_word' id='word_1_222' title='bbox 1149 3746 1326 3812; x_wconf 89' lang='lat' dir='ltr'>dominica.</span> <span class='ocrx_word' id='word_1_223' title='bbox 1374 3746 1487 3811; x_wconf 81' lang='lat' dir='ltr'>Gloria</span> <span class='ocrx_word' id='word_1_224' title='bbox 1509 3748 1574 3810; x_wconf 81' lang='lat' dir='ltr'>tibi</span> 
     </span>
     <span class='ocr_line' id='line_1_31' title="bbox 368 3833 1570 3917; baseline 0 -20"><span class='ocrx_word' id='word_1_225' title='bbox 368 3835 510 3898; x_wconf 79' lang='lat' dir='ltr'>Dareine</span> <span class='ocrx_word' id='word_1_226' title='bbox 522 3836 582 3917; x_wconf 83' lang='lat' dir='ltr'>qai</span> <span class='ocrx_word' id='word_1_227' title='bbox 602 3844 700 3897; x_wconf 87' lang='lat' dir='ltr'>natus</span> <span class='ocrx_word' id='word_1_228' title='bbox 720 3854 754 3896; x_wconf 91' lang='lat' dir='ltr'>es</span> <span class='ocrx_word' id='word_1_229' title='bbox 775 3834 814 3896; x_wconf 86' lang='lat' dir='ltr'>de</span> <span class='ocrx_word' id='word_1_230' title='bbox 835 3833 965 3914; x_wconf 82' lang='lat' dir='ltr'>virgine</span> <span class='ocrx_word' id='word_1_231' title='bbox 986 3833 1106 3896; x_wconf 92' lang='lat' dir='ltr'>dicitur</span> <span class='ocrx_word' id='word_1_232' title='bbox 1126 3833 1158 3895; x_wconf 93' lang='lat' dir='ltr'>in</span> <span class='ocrx_word' id='word_1_233' title='bbox 1181 3842 1321 3915; x_wconf 90' lang='lat' dir='ltr'>vtroque</span> <span class='ocrx_word' id='word_1_234' title='bbox 1346 3834 1570 3916; x_wconf 89' lang='lat' dir='ltr'>completori0,</span> 
     </span>
     <span class='ocr_line' id='line_1_32' title="bbox 367 3918 1570 4005; baseline 0.001 -21"><span class='ocrx_word' id='word_1_235' title='bbox 367 3933 401 3986; x_wconf 90' lang='lat' dir='ltr'>et</span> <span class='ocrx_word' id='word_1_236' title='bbox 418 3923 460 3985; x_wconf 90' lang='lat' dir='ltr'>ad</span> <span class='ocrx_word' id='word_1_237' title='bbox 477 3932 654 4003; x_wconf 86' lang='lat' dir='ltr'>vtrumque</span> <span class='ocrx_word' id='word_1_238' title='bbox 669 3919 922 4002; x_wconf 90' lang='lat' dir='ltr'>completorium</span> <span class='ocrx_word' id='word_1_239' title='bbox 950 3919 1135 4002; x_wconf 91' lang='lat' dir='ltr'>pulsabitur</span> <span class='ocrx_word' id='word_1_240' title='bbox 1148 3939 1223 3983; x_wconf 91' lang='lat' dir='ltr'>cum</span> <span class='ocrx_word' id='word_1_241' title='bbox 1246 3918 1377 3984; x_wconf 89' lang='lat' dir='ltr'>duabus</span> <span class='ocrx_word' id='word_1_242' title='bbox 1399 3922 1570 4005; x_wconf 87' lang='lat' dir='ltr'>campanis</span> 
     </span>
     <span class='ocr_line' id='line_1_33' title="bbox 368 4007 878 4072; baseline -0.01 0"><span class='ocrx_word' id='word_1_243' title='bbox 368 4009 554 4072; x_wconf 84' lang='lat' dir='ltr'>secundum</span> <span class='ocrx_word' id='word_1_244' title='bbox 570 4008 718 4071; x_wconf 87' lang='lat' dir='ltr'>ordinale</span> <span class='ocrx_word' id='word_1_245' title='bbox 735 4007 878 4072; x_wconf 76' lang='lat' dir='ltr'>Sa1·um.⁷</span> 
     </span>
    </p>
   </div>
   <div class='ocr_carea' id='block_1_16' title="bbox 368 4304 1574 4763">
    <p class='ocr_par' dir='ltr' id='par_1_16' title="bbox 404 4304 1276 4367">
     <span class='ocr_line' id='line_1_34' title="bbox 404 4304 1276 4367; baseline 0.001 -12"><span class='ocrx_word' id='word_1_246' title='bbox 404 4306 411 4336; x_wconf 94' lang='lat'><strong>¹</strong></span> <span class='ocrx_word' id='word_1_247' title='bbox 431 4306 515 4356; x_wconf 83' lang='lat' dir='ltr'>iestis:</span> <span class='ocrx_word' id='word_1_248' title='bbox 533 4305 574 4367; x_wconf 86' lang='lat'>87,</span> <span class='ocrx_word' id='word_1_249' title='bbox 587 4305 627 4355; x_wconf 90' lang='lat'>88.</span> <span class='ocrx_word' id='word_1_250' title='bbox 1052 4304 1104 4356; x_wconf 79' lang='lat' dir='ltr'>²et</span> <span class='ocrx_word' id='word_1_251' title='bbox 1115 4306 1165 4356; x_wconf 84' lang='lat' dir='ltr'>ad:</span> <span class='ocrx_word' id='word_1_252' title='bbox 1183 4305 1224 4367; x_wconf 89' lang='lat'>87,</span> <span class='ocrx_word' id='word_1_253' title='bbox 1236 4304 1276 4356; x_wconf 86' lang='lat'>88.</span> 
     </span>
    </p>

    <p class='ocr_par' dir='ltr' id='par_1_17' title="bbox 401 4371 1024 4434">
     <span class='ocr_line' id='line_1_35' title="bbox 401 4371 1024 4434; baseline 0 -14"><span class='ocrx_word' id='word_1_254' title='bbox 401 4371 413 4401; x_wconf 80' lang='lat'><strong>³</strong></span> <span class='ocrx_word' id='word_1_255' title='bbox 430 4371 519 4421; x_wconf 79' lang='lat' dir='ltr'>Oratio</span> <span class='ocrx_word' id='word_1_256' title='bbox 530 4381 555 4421; x_wconf 86' lang='lat' dir='ltr'>et</span> <span class='ocrx_word' id='word_1_257' title='bbox 565 4381 647 4421; x_wconf 80' lang='lat' dir='ltr'>cetera</span> <span class='ocrx_word' id='word_1_258' title='bbox 658 4371 690 4422; x_wconf 87' lang='lat' dir='ltr'>de</span> <span class='ocrx_word' id='word_1_259' title='bbox 701 4371 842 4423; x_wconf 85' lang='lat' dir='ltr'>communi:</span> <span class='ocrx_word' id='word_1_260' title='bbox 860 4373 915 4422; x_wconf 77' lang='lat' dir='ltr'>aaa</span> <span class='ocrx_word' id='word_1_261' title='bbox 930 4383 971 4434; x_wconf 90' lang='lat'>97,</span> <span class='ocrx_word' id='word_1_262' title='bbox 984 4384 1024 4421; x_wconf 91' lang='lat'>01.</span> 
     </span>
    </p>

    <p class='ocr_par' dir='ltr' id='par_1_18' title="bbox 368 4435 1574 4628">
     <span class='ocr_line' id='line_1_36' title="bbox 401 4435 1573 4501; baseline 0.002 -16"><span class='ocrx_word' id='word_1_263' title='bbox 401 4435 484 4486; x_wconf 68' lang='lat' dir='ltr'>‘The</span> <span class='ocrx_word' id='word_1_264' title='bbox 506 4436 595 4486; x_wconf 80' lang='lat' dir='ltr'>Sarum</span> <span class='ocrx_word' id='word_1_265' title='bbox 618 4437 734 4501; x_wconf 81' lang='lat' dir='ltr'>Breviary</span> <span class='ocrx_word' id='word_1_266' title='bbox 755 4454 824 4487; x_wconf 87' lang='lat' dir='ltr'>more</span> <span class='ocrx_word' id='word_1_267' title='bbox 850 4439 971 4501; x_wconf 82' lang='lat' dir='ltr'>correctly</span> <span class='ocrx_word' id='word_1_268' title='bbox 998 4435 1211 4497; x_wconf 83' lang='lat' dir='ltr'>(dxxxi-dxxxiv),</span> <span class='ocrx_word' id='word_1_269' title='bbox 1234 4436 1351 4486; x_wconf 78' lang='lat' dir='ltr'>transfers</span> <span class='ocrx_word' id='word_1_270' title='bbox 1379 4438 1416 4488; x_wconf 88' lang='lat' dir='ltr'>St.</span> <span class='ocrx_word' id='word_1_271' title='bbox 1441 4437 1524 4487; x_wconf 82' lang='lat' dir='ltr'>David</span> <span class='ocrx_word' id='word_1_272' title='bbox 1547 4447 1573 4487; x_wconf 88' lang='lat' dir='ltr'>to</span> 
     </span>
     <span class='ocr_line' id='line_1_37' title="bbox 368 4501 1574 4628; baseline 0.002 -79"><span class='ocrx_word' id='word_1_273' title='bbox 368 4501 472 4617; x_wconf 51' lang='lat' dir='ltr'>Bpidpy,</span> <span class='ocrx_word' id='word_1_274' title='bbox 486 4501 647 4628; x_wconf 40' lang='lat' dir='ltr'>llarchqrgh</span> <span class='ocrx_word' id='word_1_275' title='bbox 664 4502 715 4551; x_wconf 77' lang='lat' dir='ltr'>and</span> <span class='ocrx_word' id='word_1_276' title='bbox 732 4502 769 4552; x_wconf 87' lang='lat' dir='ltr'>St.</span> <span class='ocrx_word' id='word_1_277' title='bbox 784 4502 856 4552; x_wconf 68' lang='lat' dir='ltr'>chad</span> <span class='ocrx_word' id='word_1_278' title='bbox 874 4502 981 4552; x_wconf 83' lang='lat' dir='ltr'>remains</span> <span class='ocrx_word' id='word_1_279' title='bbox 991 4518 1024 4552; x_wconf 93' lang='lat' dir='ltr'>on</span> <span class='ocrx_word' id='word_1_280' title='bbox 1043 4502 1082 4551; x_wconf 88' lang='lat' dir='ltr'>his</span> <span class='ocrx_word' id='word_1_281' title='bbox 1099 4517 1156 4551; x_wconf 84' lang='lat' dir='ltr'>own</span> <span class='ocrx_word' id='word_1_282' title='bbox 1172 4501 1229 4566; x_wconf 86' lang='lat' dir='ltr'>day,</span> <span class='ocrx_word' id='word_1_283' title='bbox 1245 4503 1332 4551; x_wconf 84' lang='lat' dir='ltr'>March</span> <span class='ocrx_word' id='word_1_284' title='bbox 1342 4502 1400 4552; x_wconf 78' lang='lat' dir='ltr'>and</span> <span class='ocrx_word' id='word_1_285' title='bbox 1436 4502 1474 4552; x_wconf 77' lang='lat' dir='ltr'>Cf.</span> <span class='ocrx_word' id='word_1_286' title='bbox 1498 4505 1574 4553; x_wconf 76' lang='lat' dir='ltr'>Crede</span> 
     </span>
    </p>

    <p class='ocr_par' dir='ltr' id='par_1_19' title="bbox 401 4579 630 4616">
     <span class='ocr_line' id='line_1_38' title="bbox 401 4579 630 4616; baseline 0.004 -1"><span class='ocrx_word' id='word_1_287' title='bbox 401 4584 451 4615; x_wconf 77' lang='lat' dir='ltr'>scr</span> <span class='ocrx_word' id='word_1_288' title='bbox 515 4579 530 4615; x_wconf 75' lang='grc' dir='ltr'><strong><em>ι</em></strong></span> <span class='ocrx_word' id='word_1_289' title='bbox 570 4603 577 4616; x_wconf 92' lang='grc'><strong>.</strong></span> <span class='ocrx_word' id='word_1_290' title='bbox 624 4602 630 4616; x_wconf 93' lang='grc'>.</span> 
     </span>
    </p>

    <p class='ocr_par' dir='ltr' id='par_1_20' title="bbox 403 4570 1374 4694">
     <span class='ocr_line' id='line_1_39' title="bbox 403 4570 1374 4694; baseline 0.002 -15"><span class='ocrx_word' id='word_1_291' title='bbox 403 4630 414 4659; x_wconf 74' lang='lat'><strong>⁶</strong></span> <span class='ocrx_word' id='word_1_292' title='bbox 430 4570 677 4694; x_wconf 53' lang='lat' dir='ltr'>et’aiforifecunde:</span> <span class='ocrx_word' id='word_1_293' title='bbox 694 4632 736 4693; x_wconf 81' lang='lat'>87,</span> <span class='ocrx_word' id='word_1_294' title='bbox 749 4631 788 4682; x_wconf 89' lang='grc'>88.</span> <span class='ocrx_word' id='word_1_295' title='bbox 1039 4629 1049 4661; x_wconf 76' lang='lat'>⁰</span> <span class='ocrx_word' id='word_1_296' title='bbox 1065 4630 1192 4681; x_wconf 85' lang='lat' dir='ltr'>solennis:</span> <span class='ocrx_word' id='word_1_297' title='bbox 1210 4632 1265 4680; x_wconf 77' lang='lat' dir='ltr'>aad.</span> <span class='ocrx_word' id='word_1_298' title='bbox 1280 4642 1321 4694; x_wconf 86' lang='lat'>97,</span> <span class='ocrx_word' id='word_1_299' title='bbox 1333 4645 1374 4681; x_wconf 86' lang='lat' dir='ltr'>ot.</span> 
     </span>
    </p>

    <p class='ocr_par' dir='ltr' id='par_1_21' title="bbox 403 4695 782 4763">
     <span class='ocr_line' id='line_1_40' title="bbox 403 4695 782 4763; baseline 0.003 -18"><span class='ocrx_word' id='word_1_300' title='bbox 403 4695 470 4745; x_wconf 76' lang='lat' dir='ltr'>⁷Cs.</span> <span class='ocrx_word' id='word_1_301' title='bbox 488 4698 561 4746; x_wconf 80' lang='lat' dir='ltr'>Crede</span> <span class='ocrx_word' id='word_1_302' title='bbox 572 4697 610 4746; x_wconf 84' lang='lat' dir='ltr'>M.</span> <span class='ocrx_word' id='word_1_303' title='bbox 625 4699 691 4760; x_wconf 69' lang='lat'>575,</span> <span class='ocrx_word' id='word_1_304' title='bbox 703 4713 728 4763; x_wconf 88' lang='lat' dir='ltr'>p.</span> <span class='ocrx_word' id='word_1_305' title='bbox 742 4697 782 4759; x_wconf 85' lang='lat'>48.</span> 
     </span>
    </p>
   </div>
   <div class='ocr_carea' id='block_1_17' title="bbox 461 4775 1443 4827">
    <p class='ocr_par' dir='ltr' id='par_1_22' title="bbox 461 4775 1443 4827">
     <span class='ocr_line' id='line_1_41' title="bbox 461 4775 1443 4827; baseline 0.009 -3"><span class='ocrx_word' id='word_1_306' title='bbox 461 4777 542 4826; x_wconf 76' lang='lat' dir='ltr'>l&#39;lCA</span> <span class='ocrx_word' id='word_1_307' title='bbox 565 4775 702 4827; x_wconf 81' lang='lat' dir='ltr'>SARUM.</span> <span class='ocrx_word' id='word_1_308' title='bbox 1420 4777 1443 4826; x_wconf 88' lang='lat' dir='ltr'>G</span> 
     </span>
    </p>
   </div>
   <div class='ocr_carea' id='block_1_18' title="bbox 0 0 1934 5734">
    <p class='ocr_par' dir='ltr' id='par_1_23' title="bbox 0 0 1934 5734">
     <span class='ocr_line' id='line_1_42' title="bbox 0 0 1934 5734; baseline 0 0"><span class='ocrx_word' id='word_1_309' title='bbox 0 0 1934 5734; x_wconf 95' lang='lat' dir='ltr'> </span> 
     </span>
    </p>
   </div>
  </div>
 </body>
</html>
