3834 5734
857 710 1024 761 SEXTUM
1041 711 1077 761 D.
1522 723 1568 774 333

361 946 373 1010 l
406 861 559 960 GlFeria
588 862 640 927 ,iii
671 863 714 925 de
744 872 860 925 sancta
892 863 997 927 Fide:
1033 862 1266 927 Inuitatorium
1297 863 1463 945 simplex:
1489 873 1567 926 'tres

375 958 529 1011 ect¹ones.

361 1149 371 1212 ¹
405 1066 558 1165 steria
588 1066 651 1128 iiii.
682 1067 724 1129 de
763 1067 985 1149 martyribus,¹
1047 1068 1281 1132 Inuitatorium
1317 1068 1464 1151 duplex:
1502 1077 1568 1131 tres

374 1162 531 1217 ect¹ones.

404 1278 438 1347 ἦ
461 1273 557 1336 Feria
573 1295 610 1337 .v.
627 1274 670 1338 de
685 1273 773 1338 feria.
820 1274 925 1337 Missa
941 1284 1059 1357 quarte
1075 1274 1162 1338 ferie.

403 1395 437 1464 ἦ
460 1390 557 1453 Feria
579 1391 629 1454 .vi.
652 1390 695 1454 de
717 1402 835 1455 sancto
862 1391 1047 1474 Dyonisio:
1077 1392 1138 1455 .ix.·
1156 1392 1323 1456 lectiones.
1370 1374 1565 1474 Capitulum

359 1475 528 1539 Iustorum
544 1478 661 1542 anime.

404 1602 438 1671 ἦ
461 1597 620 1674 Sabbato,
636 1599 677 1661 de
693 1608 810 1662 sancta
827 1599 944 1676 Maria,
958 1608 993 1663 et
1011 1599 1172 1665 memoria
1187 1600 1230 1663 de
1247 1600 1470 1682 martyribus.¹

403 1717 525 1793 nvbi
563 1718 647 1783 fiunt
684 1732 750 1784 tres
788 1722 1132 1795 commemorationes,
1165 1721 1198 1782 in
1230 1742 1268 1784 .v.
1299 1720 1379 1783 seria
1410 1719 1467 1783 fiat
1500 1737 1566 1781 vna

357 1808 641 1869 commemoratio,
702 1807 758 1870 Ad
790 1828 945 1890 vesperas
985 1808 1144 1871 memoria
1177 1809 1220 1870 de
1251 1807 1484 1889 martyribus³:
1522 1805 1565 1867 de

358 1890 547 1956 Trinitate:
571 1902 605 1957 et
620 1894 788 1976 processio
805 1892 872 1958 fiat.

535 2019 569 2088 ll
591 2014 832 2078 ⁴Dominicaii.
845 2015 887 2077 de
898 2014 1247 2080 seruiciodominicali.
1283 2014 1395 2077 Medie
1408 2014 1566 2079 lectiones

358 2062 423 2116 ⁰⁰¹·
440 2061 492 2133 ¹¹'¹
535 2101 578 2163 de
593 2103 739 2165 sanctis¹
786 2103 824 2165 ln
842 2102 995 2165 laudibus
1011 2122 1076 2165 vna
1092 2101 1283 2184 antiphona

402 2224 436 2293 σῖ
459 2218 555 2306 Feria
570 2222 610 2285 .ii.
627 2222 669 2284 de
686 2222 771 2286 festo
787 2221 858 2285 loci.

402 2340 555 2414 (IFeria
592 2342 642 2405 iii.
680 2343 723 2405 de
759 2353 875 2406 sancto
913 2342 1104 2419 Edwardo,¹
1135 2341 1276 2405 Inferius
1314 2342 1472 2426 duplexf:
1510 2345 1564 2408 ix.

356 2424 569 2510 [lectiones].·'

402 2544 435 2613 (l
460 2539 557 2603 Feria
572 2541 634 2604 iiii.
651 2541 693 2603 de
708 2552 824 2605 sancta
841 2542 956 2606 Maria

401 2665 434 2734 (l
458 2659 555 2723 Feria
570 2683 606 2725 .v.
624 2661 665 2724 de
681 2674 797 2725 sancto
812 2661 1041 2725 Wulfranno⁸:
1065 2662 1118 2726 ix.
1136 2661 1301 2725 lectiones.

400 2785 434 2854 ll
458 2781 554 2843 Feria
583 2782 632 2846 .vi.
664 2782 706 2845 de
735 2792 852 2845 sancto
883 2781 1047 2845 Michaele
1078 2781 1300 2865 archangelo,¹
1329 2782 1561 2847 Inuitatorium

354 2866 492 2946 triplex,
509 2870 568 2931 et¹⁰
584 2889 705 2931 nouem
721 2868 887 2932 lectiones

400 2992 434 3061 ἦ
457 2987 616 3066 Sabbato,
632 2989 674 3052 de
694 3000 809 3053 sancta
832 2988 1058 3054 Etheldreda:
1082 3010 1204 3054 nouem
1228 2989 1385 3052 lectiones
1408 2990 1451 3052 de
1473 3010 1562 3052 com-

353 3073 448 3135 muni
472 3074 568 3138 unius
591 3077 727 3158 virginis
750 3087 784 3140 et
810 3097 876 3139 non
903 3077 1065 3158 martyris.
1112 3076 1168 3139 Ad
1193 3095 1356 3158 vesperas,
1375 3076 1418 3139 de
1444 3088 1562 3141 sancto

358 3158 454 3222 Luca
490 3163 744 3245 euangelista¹¹:
782 3166 841 3226 et¹²
864 3165 1023 3226 memorie
1046 3164 1089 3227 de
1112 3172 1229 3226 sancto
1269 3163 1384 3225 Iusto:
1422 3165 1481 3226 et¹³
1519 3164 1561 3227 de

353 3247 543 3311 dominica:
567 3260 601 3313 et
617 3250 660 3313 de
675 3251 841 3314 Trinitate
856 3252 919 3314 sub
934 3251 1065 3314 silentio
1082 3249 1182 3314 fiant:
1206 3250 1277 3312 sine
1293 3250 1509 3331 processione.

349 3379 417 3432 Oct.
434 3376 486 3448 18.]
529 3374 563 3443 ἦ
586 3370 763 3434 Dominica
777 3371 839 3448 iii,
854 3380 963 3434 totum
979 3372 1022 3435 de
1037 3379 1154 3433 sancto
1166 3370 1265 3433 Luca

387 3581 395 3611 ¹
414 3584 460 3633 SS.
476 3586 572 3643 Marco,
587 3586 706 3635 Marcello
717 3595 742 3635 et
753 3584 870 3650 Apuleio.
1036 3581 1047 3613 ¹
1063 3584 1109 3635 SS.
1124 3585 1247 3644 Gereone,
1261 3592 1307 3633 etc.

386 3647 398 3677 ³
415 3649 460 3699 SS.
476 3651 586 3708 Nicasio,
599 3661 646 3699 etc.

417 3727 440 3774 (Ι
456 3715 590 3764 Dominica
602 3716 626 3779 ij.
641 3715 673 3764 de
684 3715 788 3765 seruicio
800 3714 953 3764 dominicali.
969 3724 993 3763 et
1005 3714 1086 3764 medie
1098 3713 1221 3764 lecciones
1233 3713 1264 3762 de
1277 3712 1426 3763 martiribus.

388 3779 410 3826 F
411 3778 462 3828 erla
474 3780 498 3844 ij.
513 3789 538 3829 et
549 3781 661 3830 sabbato.
675 3780 706 3830 de
719 3781 981 3830 comemoracionibus.

387 3844 416 3892 Si
435 3845 524 3894 suerint
542 3845 576 3909 iij.
596 3845 830 3905 comemoraciones,
849 3846 874 3894 in
891 3846 934 3910 iiij.
949 3845 1011 3894 feria
1029 3844 1072 3894 fiat
1089 3861 1138 3893 vna
1149 3843 1338 3893 comemoracio.
1354 3852 1378 3892 et
1390 3842 1510 3892 memoria
1527 3842 1559 3892 de

350 3918 442 3958 sancto
457 3910 564 3960 Calixto.
601 3921 639 3971 77.

386 3972 398 4001 ⁵
415 3974 441 4024 S.
457 3975 585 4034 Nichasio,
598 3984 645 4025 etc.

386 4036 398 4066 ⁶
414 4040 455 4089 Ad
467 4041 587 4090 secundas
599 4056 714 4104 vesperas
725 4057 784 4090 vero
795 4041 838 4089 fiat
848 4040 969 4090 memoria
981 4040 1095 4104 priuatim
1113 4039 1145 4089 de
1160 4048 1254 4090 sancto.
1288 4039 1321 4088 Et
1340 4037 1431 4087 deinde
1450 4038 1560 4088 solennis

351 4105 474 4153 memoria
484 4105 516 4154 de
527 4115 613 4155 sancta
625 4106 707 4154 Μυῖα
718 4122 774 4155 cum
785 4106 923 4170 antiphona
934 4106 981 4155 sub
993 4115 1076 4154 tuam:
1095 4107 1150 4153 add.
1165 4117 1205 4166 97,
1218 4117 1258 4153 01.
1294 4103 1431 4165 (Eduardo
1448 4106 1526 4168 rege.)

387 4169 441 4204 ⁷—⁷
456 4186 503 4218 om.
516 4189 522 4219 ι
540 4169 580 4231 87,
594 4170 633 4219 88.
1024 4169 1035 4200 ⁸
1052 4171 1199 4220 Wulstano:
1218 4169 1258 4231 87,
1272 4168 1311 4219 88.

386 4232 397 4263 ⁹
412 4236 577 4299 archangelo:
595 4253 641 4285 om.
661 4235 702 4297 87,
721 4235 760 4285 88.
796 4237 839 4297 (In
851 4237 939 4285 Monte
950 4236 1071 4295 Tumba.)

386 4297 407 4328 ¹⁰
424 4311 464 4348 et:
482 4316 528 4349 om,
543 4299 584 4361 87,
597 4300 637 4359 88,
648 4312 689 4362 97,
702 4314 742 4350 or.
1022 4298 1041 4329 ¹¹
1059 4300 1227 4364 euangelista:
1245 4316 1292 4348 om·
1307 4297 1348 4360 87,
1361 4297 1401 4348 88.

387 4363 637 4426 11εῑιοιιι.87,88.

387 4429 407 4459 ¹³
424 4443 447 4490 (Ι
464 4431 596 4480 Dominica
614 4432 648 4494 iij.
674 4431 705 4481 de
727 4443 813 4481 sancto
832 4432 900 4480 Luca
920 4440 944 4480 et
962 4430 1080 4480 memoria
1103 4431 1149 4479 sub
1165 4429 1268 4479 silencio
1285 4430 1315 4479 de
1333 4439 1419 4478 sancto
1437 4430 1506 4479 Iusto
1523 4428 1555 4478 de

351 4496 480 4546 dominica
492 4497 559 4546 etde
571 4497 702 4546 Trinitate.

388 4562 459 4609 Feria
471 4561 505 4624 iij.
519 4572 545 4610 et
555 4562 660 4611 sabbato
671 4562 703 4610 de
714 4561 974 4610 comemoracionibus.

387 4629 407 4674 F
408 4628 459 4675 eria
471 4643 493 4675 v.
507 4626 604 4675 dicatur
615 4628 722 4690 primum
734 4627 915 4689 responsorium
927 4627 1017 4675 feriale.

386 4692 413 4741 Si
425 4691 514 4740 suerint
524 4692 557 4755 iij.
570 4692 794 4741 comemoraciones
803 4693 828 4740 in
837 4709 859 4740 v.
872 4693 932 4740 seria
941 4708 989 4740 vna
1001 4690 1188 4740 comemoracio.
1204 4701 1228 4740 et
1241 4700 1298 4740 tunc
1311 4689 1335 4738 in
1348 4689 1373 4754 ij.
1388 4689 1448 4739 seria
1459 4691 1557 4742 dicatur

350 4757 459 4822 primum
472 4757 654 4820 responsorium
665 4757 757 4807 feriale.
795 4769 833 4819 77.
