3834 5734
347 707 400 758 300
679 691 953 743 DIREcranal!
981 690 1249 741 SACERDOYUM.

395 852 429 920 (Ι
453 846 549 908 Feria
565 845 617 909 iii.
633 847 675 909 de
692 844 777 908 sesto
793 844 865 920 loci,
882 854 916 908 et
932 845 1094 907 memoria
1110 844 1152 906 de
1168 842 1319 926 virgine.l

394 972 428 1041 (Ι
452 967 548 1029 Feria
585 965 649 1028 iiii.
687 966 730 1028 de
767 976 884 1028 sancta
918 964 1028 1027 Maria
1071 963 1285 1046 Magdalena‚
1325 962 1548 1026 Inuitatorium

351 1052 497 1135 triplex:
520 1054 565 1117 ix.
582 1051 760 1116 lectiones:
784 1052 946 1116 memoria
961 1053 1004 1115 de
1019 1049 1165 1116 abbate.2

395 1179 429 1248 (Ι
452 1172 549 1236 Feria
564 1195 612 1250 .v.,
627 1172 670 1236 de
686 1182 802 1236 sancta
820 1172 937 1249 Maria,
952 1182 987 1236 et
1004 1172 1165 1235 memoria
1179 1171 1223 1234 de
1240 1171 1414 1253 martyre⁸

395 1299 428 1368 (Ι
453 1293 550 1356 Feria
575 1293 624 1356 .vi.
652 1291 695 1355 de
721 1302 838 1355 sancta
865 1291 1018 1367 cristina,
1046 1310 1123 1353 cum
1147 1300 1320 1373 nocturno.
1367 1288 1553 1372 Capitulum

353 1380 539 1463 Confitebor.
585 1380 691 1443 Missa
707 1379 750 1442 de
765 1379 902 1461 vigilia*

394 1505 429 1575 (Ι
452 1499 611 1576 Sabbato,
626 1500 670 1563 de
684 1509 801 1563 sancto
827 1499 958 1576 Iacobo,
983 1498 1123 1563 Inferius
1138 1496 1276 1582 duplex.
1323 1496 1382 1560 Ad
1399 1515 1557 1579 vesperae,

352 1587 500 1651 solennis
522 1589 683 1650 memoria
706 1587 750 1650 de
774 1596 891 1649 sancta
915 1585 1037 1649 Anna:
1061 1586 1108 1649 et⁵
1132 1585 1294 1649 memoria
1315 1584 1360 1647 de
1384 1584 1557 1649 dominica.

350 1675 539 1753 antiphona
554 1674 629 1735 Rex
641 1683 750 1736 autem
766 1673 904 1736 Daniel:
927 1682 962 1736 et
985 1672 1028 1735 de
1044 1672 1210 1736 Trinitate
1225 1671 1289 1736 sub
1304 1670 1454 1748 silenti0,
1476 1669 1557 1733 fiant.

353 1759 469 1825 Nulla⁸
484 1761 659 1842 processio,

529 1886 563 1956 (Ι
586 1880 765 1945 Dominica
780 1881 863 1956 xiii,
879 1890 988 1944 totum
1005 1881 1049 1943 de
1063 1889 1180 1943 sancta
1195 1879 1306 1954 Anna,
1327 1877 1558 1942 Inuitatorium

352 1931 407 2001 Jul
421 1928 476 2001 ²⁶⁹]
530 1967 675 2050 triplex!

396 2092 431 2162 (Ι
454 2086 551 2151 Feria
574 2088 614 2151 .ii.
639 2088 682 2152 de
707 2088 846 2170 Septem
871 2087 1136 2160 Dormientibus,
1162 2087 1399 2150 Inuitatorlum
1416 2086 1560 2169 duplex:

353 2184 421 2238 tres
437 2174 605 2238 lectiones.
651 2175 771 2238 ⁸Missa
786 2175 849 2238 erit
864 2175 907 2239 de
923 2176 1116 2239 dominica⁸

398 2299 433 2369 (Ι
455 2294 484 2357 F
485 2294 553 2358 eria
568 2295 620 2359 ‚iii
637 2297 680 2359 de
696 2295 782 2360 festo
797 2294 872 2373 loci,
887 2304 921 2358 et
937 2297 1004 2359 due
1020 2296 1203 2359 memorie.l

352 2511 525 2566 nocturno.
589 2503 822 2567 Inuitatorlum
861 2503 1007 2586 duplex:
1044 2513 1112 2566 tres
1150 2502 1328 2566 lectiones:
1368 2501 1560 2584 Capitulum

356 2587 475 2652 Sancti
479 2600 543 2670 per
546 2589 660 2672 fidem.

397 2713 431 2783 (Ι
455 2709 552 2773 Feria
573 2732 610 2773 .v.
633 2710 677 2773 de
700 2710 901 2793 martyribus
924 2709 1050 2773 Abdon
1075 2717 1108 2772 et
1134 2708 1277 2773 Sennen.
1324 2707 1560 2773 Inuitatorium

351 2795 504 2877 duplex:
527 2805 593 2859 tres
610 2796 779 2860 lectionem

397 2921 432 2991 (Ι
455 2917 551 2979 Feria
566 2917 626 2994 .vi.‚
640 2919 683 2981 de
699 2927 816 2981 sancta
833 2918 950 2994 Maria,
967 2928 1002 2982 et
1017 2917 1178 2981 memoria
1194 2918 1236 2979 de
1252 2925 1371 2980 sancto
1384 2915 1559 2980 Germano.

350 3124 375 3184 d
397 3043 431 3112 (Ι
455 3035 614 3136 Salpbat0‚
624 3038 667 3100 de
677 3048 794 3101 sancto
807 3039 906 3102 Petro
912 3040 943 3101 :¹¹
962 3038 1196 3102 Inuitatorium
1210 3037 1342 3119 triplex,
1355 3046 1390 3100 et
1403 3036 1562 3100 memoria

378 3143 397 3185 e
412 3135 544 3188 sanctis,

399 3250 433 3319 (Ι
455 3244 523 3307 Vbi
554 3244 638 3308 liunt
676 3259 742 3309 tres
773 3247 1122 3324 commemorationeS,
1153 3247 1184 3309 in
1216 3269 1254 3308 .v.
1293 3245 1375 3308 seria
1406 3244 1467 3307 fiat
1498 3264 1559 3306 vna

353 3333 641 3395 commemoratio,

399 3457 433 3526 (Ι
457 3450 514 3514 Ab
529 3452 591 3516 hac
608 3453 662 3515 die
687 3474 791 3535 vsque
815 3455 859 3517 ad
884 3453 1109 3536 inceptionem
1134 3452 1270 3515 historie
1286 3452 1453 3532 (Dauniae,
1470 3474 1509 3516 ne
1529 3453 1562 3514 in

353 3539 424 3622 ira)
440 3539 622 3620 accipiatur
636 3551 771 3604 sextum
788 3539 831 3618 D,
848 3561 909 3622 pro
925 3540 1036 3604 littera
1052 3539 1253 3604 dominicali.

388 3786 395 3815 ¹
414 3788 441 3837 S.
460 3789 578 3837 Praxede.
1015 3787 1026 3818 '·’
1043 3789 1069 3838 S.
1083 3788 1280 3852 Wandragesilo.

388 3852 398 3880 ³
414 3853 440 3902 S.
455 3853 608 3929 Apollinare.
1014 3853 1024 3882 ⁴
1041 3855 1067 3903 S.
1083 3854 1175 3902 Iacobi.

388 3917 399 3944 ἢ
415 3929 439 3967 et
452 3935 549 3983 primo:
567 3930 608 3980 97,
620 3932 661 3967 οι.
1016 3916 1027 3948 ⁶
1043 3928 1069 3968 et
1079 3920 1165 3968 nulla:
1184 3917 1225 3979 87,
1238 3918 1269 3966 88

388 3982 398 4013 ⁷
416 3983 495 4033 Missa
505 3984 661 4033 dominicalis
672 3984 761 4032 dicitur
774 3985 797 4032 in
810 3985 938 4048 capitulo:
956 3995 997 4045 97,
1010 3997 1050 4033 01.

388 4048 441 4084 ’Δ
473 4067 519 4098 orn.
533 4061 573 4110 97,
587 4063 627 4098 οι.
1016 4048 1027 4078 ¹³
1046 4049 1103 4100 Una
1115 4049 1147 4099 de
1159 4050 1185 4099 S.
1200 4050 1328 4099 Samsone.

389 4112 408 4141 ¹⁰
425 4114 471 4164 SS.
486 4114 568 4163 Felice
580 4125 626 4163 ele.
1012 4113 1030 4143 ¹¹
1047 4115 1081 4164 ud
1093 4114 1198 4164 vincula.
