3834 5734
404 698 450 753 140
709 692 984 741 DIRECTORIUM
1002 692 1267 744 SACERDOWM.

446 851 480 921 (Ι
503 844 600 908 Feria
615 845 654 907 .ii.
670 844 712 907 de
726 854 844 907 sancto
861 844 1053 922 Ambrosio,
1070 844 1211 908 lnlerius
1228 844 1362 926 duplex.

447 972 481 1042 (Ι
504 965 599 1027 Feria
611 964 661 1026 .iii.
671 965 837 1027 dicunturl
850 964 1004 1046 Exequie
1021 964 1231 1027 Mortuorum
1244 984 1319 1026 cum
1332 965 1385 1027 ix.
1395 963 1608 1040 lectionibus,

406 1061 440 1115 et
455 1052 556 1115 missa
578 1051 611 1112 in
635 1051 786 1114 crastino,
832 1050 1000 1132 Deinceps
1024 1072 1091 1114 non
1115 1051 1281 1114 dicuntur¹
1305 1052 1499 1133 quotidiane
1524 1072 1607 1114 exe-

405 1140 482 1221 quie
506 1157 610 1220 vsque
636 1147 711 1219 post
735 1147 872 1201 octauas
899 1137 1143 1201 Penthecostes.
1199 1138 1256 1201 Ad
1287 1138 1541 1221 completorium
1571 1139 1606 1200 in

405 1223 517 1320 vigilia
535 1226 636 1288 Pasce
653 1224 800 1306 pulsetur
814 1224 865 1286 bis
880 1244 956 1286 curn
972 1224 1101 1288 duabus
1117 1225 1311 1307 campanis.²

582 1350 616 1420 (Ι
641 1344 680 1407 ln
705 1344 759 1407 die
786 1344 887 1407 Pasce
910 1353 944 1407 et
968 1365 1026 1426 per
1048 1345 1303 1420 hebdomadam,
1326 1344 1381 1408 de³
1403 1345 1608 1409 solennitate

584 1431 667 1495 sesti.
726 1431 892 1494 Omnibus
929 1432 1104 1494 dominicis
1142 1452 1245 1514 vsque
1281 1432 1324 1494 ad
1364 1432 1607 1495 Ascensionem

409 1517 545 1594 domini,
569 1517 612 1580 de
638 1538 839 1599 quocunque
863 1516 900 1581 fit
927 1519 1111 1595 seruicium,
1139 1517 1182 1582 ad
1206 1529 1363 1601 vtrasque
1387 1540 1541 1600 vesperas
1572 1529 1609 1581 et

410 1605 590 1667 matutinas
613 1602 670 1668 fiat
694 1605 854 1667 memoria
868 1606 912 1668 de
927 1604 1104 1682 dominica,
1119 1606 1178 1668 sed
1195 1625 1365 1687 nunquam
1392 1606 1434 1668 ad
1461 1605 1608 1668 missam.

410 1690 444 1773 [s.
460 1689 528 1773 vii]
572 1689 740 1756 Omnibus
755 1691 930 1755 dominicis
946 1701 980 1754 et
997 1691 1089 1755 sestis
1112 1712 1188 1754 cum
1213 1694 1371 1774 regimine
1385 1693 1486 1768 chori,
1500 1712 1608 1774 vsque

410 1778 452 1840 ad
483 1777 630 1861 vigiliam
662 1778 878 1842 Ascensionis
908 1777 1086 1854 exclusiue,
1117 1777 1176 1842 fiat
1206 1779 1351 1842 solennis
1377 1780 1536 1843 memoria
1564 1779 1608 1842 de

410 1865 656 1941 resurrectione,
672 1866 734 1927 nisi
751 1866 783 1927 in
802 1866 1001 1929 lnuentionc
1025 1864 1148 1929 Sancte
1164 1865 1289 1944 Crucis,
1306 1875 1341 1930 et
1356 1867 1388 1929 in
1406 1866 1547 1930 sabbato
1563 1867 1608 1928 ad

408 1971 571 2035 vesperas.

407 1394 487 1466 April
504 1390 556 1466 ια]

585 2077 619 2147 (Ι
653 2071 830 2134 Dominica
862 2071 911 2154 (in
946 2071 1055 2152 albis),
1090 2071 1197 2154 prima
1232 2082 1309 2154 post
1347 2074 1459 2147 Pasca,
1497 2071 1609 2135 minus

586 2158 721 2240 duplex,
752 2167 860 2221 totum
891 2158 933 2221 de
962 2159 1101 2221 seruicio
1131 2159 1341 2222 dominicali:
1375 2160 1536 2222 memoria
1565 2158 1609 2221 de

411 2245 658 2319 resurrectione,
683 2263 758 2308 cum
783 2246 891 2308 missa.
938 2246 1015 2309 Non
1039 2246 1158 2309 dicitur
1180 2246 1271 2309 Deus
1291 2247 1352 2328 qui
1370 2246 1525 2309 hodierna
1547 2246 1610 2320 die,

411 2329 469 2393 sed
485 2330 576 2393 Deus
589 2331 649 2413 qui
653 2342 718 2413 per
730 2332 942 2413 vmgrenuum.

411 2121 491 2192 April
508 2118 559 2191 17.]

452 2451 607 2599 1(ΙΡεῐὶει
622 2451 662 2516 .ῐί.
678 2452 720 2515 de
733 2451 833 2514 seria:
872 2452 1097 2534 Responsoria
1112 2451 1198 2515 i-llius
1215 2452 1301 2516 serie.
1348 2452 1452 2516 Missa
1467 2453 1612 2515 domini·

411 2557 450 2601 ca
465 2558 499 2600 rs.

454 2663 488 2733 (Ι
512 2657 607 2719 Feria
634 2657 684 2720 .iii.
712 2658 755 2721 de
778 2666 895 2720 sancto
920 2657 1088 2740 Alphego,
1118 2658 1353 2722 Inuitatorium
1380 2659 1516 2742 duplex,
1543 2670 1612 2723 tres

412 2743 571 2910 lecticpres
593 2743 636 2806 de
658 2746 828 2807 communi
851 2745 923 2808 sine
946 2746 1106 2828 regimine
1129 2745 1230 2808 chori.
1276 2744 1468 2828 Capitulum
1494 2745 1614 2811 Omnis

404 2840 498 2911 pontt
515 2851 559 2894 ex.

456 2957 490 3027 (Ι
513 2951 610 3015 Feria
638 2951 703 3014 iiii.
733 2951 776 3014 de
806 2950 894 3015 seria.
955 2952 1181 3034 Responsoria
1211 2951 1382 3015 Locutus.
1406 2953 1548 3036 epistola
1577 2964 1613 3017 et

414 3039 624 3121 euangelium
641 3037 789 3101 eiusdem
808 3038 894 3102 serie.

455 3165 489 3235 (Ι
512 3158 607 3221 Feria
624 3181 660 3221 .v.
677 3160 719 3222 de
736 3159 820 3222 sesto
837 3158 908 3221 loci.

455 3285 489 3355 (Ι
512 3280 609 3343 Feria
625 3280 674 3342 .vi.
690 3280 733 3343 de
748 3288 864 3342 sancta
882 3279 999 3342 Maria.

455 3405 489 3474 (Ι
513 3398 673 3474 Sabbato,
690 3400 733 3463 de
747 3410 863 3462 sancto
879 3397 1032 3480 Georgi0,
1050 3399 1158 3461 minus
1173 3399 1309 3481 duplex.
1353 3400 1500 3481 Vespere
1516 3411 1614 3463 erunt

414 3485 457 3549 de
480 3485 574 3563 leste,
597 3495 630 3548 et
654 3487 813 3549 memoria
836 3486 994 3548 solennis⁴
1017 3485 1060 3548 de
1082 3486 1259 3564 dominica,
1281 3496 1315 3549 et
1338 3487 1505 3569 processio
1519 3491 1613 3550 ante⁵

414 3660 696 3724 commemoratio.

589 3785 623 3855 (Ι
646 3779 823 3842 Dominica
839 3780 870 3842 ‚ii
894 3788 971 3860 post
988 3779 1099 3855 Pasca,
1115 3780 1158 3842 de
1173 3781 1311 3842 seruicio
1326 3779 1526 3844 dominicali
1573 3780 1611 3843 ln

415 3827 494 3899 April
507 3826 563 3899 κ’]
590 3865 743 3928 laudibus
758 3887 823 3929 vna
838 3866 1029 3947 antiphona

457 3990 491 4060 (Ι
516 3983 585 4048 Ista
601 3985 767 4048 dominica
782 3986 906 4049 carebit
921 3985 1069 4067 vtrisque
1085 3987 1240 4067 vesperiS,
1255 3987 1438 4050 secundum
1454 3985 1614 4050 ordinale.

457 4109 491 4179 (Ι
515 4104 543 4166 F
545 4104 613 4205 eria
628 4104 666 4168 .ii.
684 4104 726 4167 de
742 4114 857 4169 sancto
881 4105 1005 4180 Marco,
1032 4104 1172 4169 Inferius
1196 4105 1334 4188 duplex,
1348 4126 1424 4168 curn
1441 4105 1565 4168 ieiunio
1580 4116 1616 4169 et

416 4210 634 4273 processione.

416 4311 612 4459 dfl.Eefia
638 4310 690 4374 iii.
717 4311 759 4374 de
784 4310 871 4375 seria
918 4310 1157 4393 Roeponsoria⁶
1183 4312 1318 4394 Dignus
1342 4333 1383 4374 es.
1438 4311 1544 4375 Missa
1571 4313 1615 4376 de

439 4416 591 4460 omrmca

446 4530 458 4627 ζ
472 4532 727 4663 ἐῖῑῗιξξῐέεξιᾶραηίεε
745 4600 775 4649 cl.
791 4600 891 4664 Desens.
905 4602 1002 4652 Dr'rcct.
1015 4619 1037 4653 c.
1053 4601 1094 4697 ξύ,
1107 4617 1131 4666 p
1149 4599 1194 4659 18;
1215 4602 1290 4649 Creds
1302 4600 1408 4660 „llichs'5
1420 4611 1461 4664 75,
1473 4616 1498 4665 p.
1513 4599 1554 4659 ss.

446 4660 458 4692 ³
473 4673 551 4712 totum
567 4664 644 4728 bqsore
655 4664 704 4714 de:
722 4664 763 4726 87,
776 4664 816 4714 88.
1079 4667 1231 4716 solenniter:
1249 4664 1290 4726 87,
1303 4665 1343 4714 88.

446 4725 522 4779 ⁸nd:
540 4728 578 4790 87.
1051 4731 1063 4762 ⁸
1080 4731 1290 4797 Responsorium:
1307 4730 1347 4781 88.
