3834 5734
358 723 405 775 332
683 707 960 758 DIRECTORIUM
989 707 1032 756 SA
1038 704 1194 756 CEIr'DOT
1193 704 1257 755 UM.

402 868 436 937 11
460 862 556 925 Feria
580 862 629 925 .vi.
654 861 697 924 de
728 871 845 924 sancto
872 861 1030 937 Firmino,
1056 858 1292 922 lnuitatorium
1320 857 1465 940 duplex:
1492 867 1545 921 tres

359 948 525 1013 lectiones.
573 947 766 1031 Capitulum
786 947 903 1012 Omnis
917 947 1087 1029 pontifex}

401 1076 435 1145 11
459 1070 618 1146 Sabbat0‚
634 1070 677 1132 de
693 1078 810 1131 sancta
827 1067 942 1143 Maria,
958 1077 993 1130 et
1009 1066 1170 1131 memoria
1185 1067 1228 1130 de
1245 1065 1466 1147 martyribus.²

402 1212 436 1281 11
459 1207 524 1269 Vbi
556 1204 639 1269 fiunt
670 1215 737 1269 tres
768 1205 1115 1277 commemorationes,
1143 1204 1176 1265 in
1208 1203 1269 1265 iiii.
1301 1202 1383 1265 feria
1413 1199 1467 1265 fiat
1494 1222 1547 1264 vna

359 1295 643 1356 commemoratio
691 1292 746 1355 Ad
763 1312 918 1375 vesperas
935 1292 1057 1354 dicitur
1072 1291 1336 1373 Responsorium
1353 1299 1388 1352 et
1407 1291 1548 1351 memoria

359 1380 402 1444 de
419 1377 635 1462 martyribus³
649 1383 696 1443 et⁴
713 1381 755 1442 de
770 1390 887 1442 sancta
903 1379 1078 1454 Trinitate,
1093 1387 1127 1441 et
1142 1375 1200 1439 fiat
1217 1377 1392 1459 processio.

533 1507 566 1576 11
591 1501 719 1564 Littera
749 1499 972 1564 dominicalis⁵
994 1498 1039 1574 D,
1061 1499 1180 1580 quinto
1203 1497 1367 1560 kalendas
1392 1496 1550 1561 Octobris:

533 1597 606 1651 tota
622 1597 775 1651 cantetur
813 1587 856 1670 [p.
886 1586 940 1668 .ti.]
989 1586 1139 1650 Historia
1177 1585 1368 1667 (Adonay):
1407 1586 1551 1647 memoria

356 1684 487 1737 tantum
505 1675 547 1737 de
564 1676 787 1757 martyribus.³
834 1676 873 1738 ln
892 1673 1048 1737 laudibus
1064 1693 1181 1736 omnes
1202 1673 1388 1755 antiphone
1404 1673 1551 1735 dicantur.

358 1552 435 1622 Sept.
450 1548 505 1620 27.]

399 1800 433 1869 11
456 1795 553 1858 Feria
567 1795 607 1858 ii.
624 1798 666 1858 de
683 1795 768 1858 festo
783 1794 854 1859 loci.
1150 1889 1151 1892 Ἴ

399 1919 433 1988 11
456 1915 553 1978 Feria
569 1915 621 1978 iii.
638 1915 681 1978 de
696 1925 814 1979 sancto
832 1913 1006 1990 Michaele,
1025 1912 1164 1977 Inferius
1180 1913 1316 1995 duplex.

399 2040 433 2109 11
457 2036 553 2098 Feria
568 2036 631 2099 ‚iiii
649 2037 691 2099 de
707 2047 825 2099 sancto
842 2037 1062 2118 Hieronymo,
1081 2034 1220 2098 Inferius
1237 2033 1374 2115 duplex.

398 2161 432 2230 11
456 2155 648 2238 Capitulum
665 2157 769 2220 Dedit
781 2156 952 2220 Dominus.
999 2156 1055 2219 Ad
1073 2155 1255 2218 matutinas
1274 2155 1407 2236 legatur
1423 2153 1556 2230 Omelia‚

357 2242 441 2306 sicut
458 2244 490 2305 in
507 2243 562 2306 die
577 2246 685 2307 sancti
703 2244 896 2307 Ambrosii.‘'

399 2369 432 2438 11
456 2363 551 2426 Feria
563 2387 609 2441 .v.,
620 2366 662 2427 de
671 2375 788 2428 sancto
801 2365 979 2447 Remigio:
1003 2363 1056 2426 .ix.
1068 2364 1235 2426 lectiones.
1274 2361 1390 2425 Medie
1406 2361 1558 2424 lectiones

356 2452 398 2513 de
413 2461 529 2514 sancto
546 2452 683 2528 Melore‚
699 2472 775 2514 cum
793 2452 1032 2534 Responsorio⁷
1047 2453 1090 2514 de
1106 2452 1214 2532 primo
1230 2458 1403 2512 nocturno

397 2576 431 2645 11
455 2571 552 2633 Feria
582 2572 631 2634 .vi.
656 2573 698 2634 de
729 2582 847 2634 sancto
879 2571 1097 2652 Leodegario,
1130 2569 1366 2649 Inuitatorium
1398 2569 1560 2651 simplex:

354 2666 420 2719 tres
451 2658 610 2722 lectiones
642 2679 716 2720 cum
744 2659 977 2740 Responsoriis
1004 2659 1046 2720 de
1070 2659 1219 2720 secundo
1246 2666 1419 2719 nocturno
1468 2656 1561 2739 Capi·

355 2744 461 2807 tulum
483 2744 600 2808 Omnis
606 2746 761 2826 pontifex.

397 2871 431 2940 11
455 2865 624 2928 Sabbatoz
648 2867 702 2928 vbi
727 2864 811 2928 fiunt
835 2875 901 2928 tres
924 2866 1269 2941 commemorationes,
1284 2865 1317 2926 in
1334 2865 1386 2928 .vi.
1404 2864 1488 2928 seria
1512 2864 1565 2927 fiat

353 2973 418 3014 vna
434 2954 716 3015 commemoratio

529 3079 563 3147 11
587 3074 715 3136 Littera
754 3073 987 3136 Dominicalis⁵
1017 3073 1060 3147 D,
1091 3082 1210 3153 quarto
1242 3071 1360 3133 Nonas
1388 3071 1567 3136 Octobris:

354 3123 416 3175 Oct.
430 3120 468 3191 4]
529 3169 601 3221 tota
625 3171 777 3222 cantetur
792 3159 963 3241 historia)†
979 3160 1185 3241 Arlaprriat.⁸
1223 3160 1260 3220 ln
1279 3159 1436 3222 laudibus
1451 3181 1567 3222 ornnes

354 3245 538 3326 antiphone
554 3248 718 3310 dicuntur.

396 3371 429 3439 11
454 3366 548 3428 Feria
564 3368 604 3428 .ii.
621 3367 664 3429 de
681 3368 766 3429 sesto
782 3368 854 3429 loci.

386 3711 393 3740 ¹
412 3713 485 3761 Feria
497 3713 521 3761 ii.
537 3713 568 3762 vi.
584 3725 608 3762 et
621 3713 731 3762 Sabbato
743 3714 775 3762 de
786 3714 1079 3762 commemorationibus:
1098 3713 1173 3761 Brea.
1218 3710 1279 3770 (Sed
1289 3711 1381 3773 Portis.
1400 3722 1467 3773 1519
1480 3714 1572 3762 rectius

351 3778 443 3826 omittit
456 3779 486 3826 se.
501 3780 537 3837 6.)

387 3857 408 3903 (Ι
425 3846 538 3905 Adorray.
577 3843 672 3892 Littera
684 3844 840 3892 dominicalis
853 3845 887 3892 D.
902 3854 936 3892 v0.
952 3844 1073 3892 kalendas
1085 3841 1209 3892 Octobris.
1225 3850 1277 3890 tota
1289 3850 1403 3890 cantetur
1413 3841 1534 3902 historia,
1548 3856 1571 3894 et

353 3909 472 3956 memoria
485 3918 580 3957 tantum
592 3909 624 3957 de
636 3910 783 3957 martiribus.

385 3974 404 4032 [⁴
416 3975 445 4020 In
458 3975 572 4022 laudibus
583 3991 669 4023 omnes
679 3975 815 4038 antiphone
827 3974 959 4023 dicuntur.’
971 3976 1026 4022 ndei.
1042 3973 1205 4036 Gascoigne.]

386 4039 457 4086 Feria
470 4040 493 4103 ij.
509 4051 532 4087 et
545 4040 658 4094 sabbato.
672 4041 704 4087 de
716 4040 970 4088 comemoracionihus
982 4040 1007 4088 in
1019 4040 1051 4103 vj.
1067 4039 1126 4087 teria
1138 4039 1180 4086 fiat
1198 4036 1390 4094 comemoracio,
1405 4050 1430 4086 et
1444 4041 1569 4089 memoria

354 4103 468 4162 detesto,
482 4116 506 4153 et
519 4105 700 4168 responsorium
714 4105 798 4153 feriale
811 4104 1012 4168 pretermittatur.
1050 4115 1088 4164 77.

384 4167 395 4197 ‘²
412 4170 457 4218 SS.
473 4171 607 4233 Cypriano,
622 4182 668 4218 etc.
1018 4168 1028 4198 ³
1045 4170 1090 4218 SS.
1106 4169 1198 4218 Cosma
1210 4177 1234 4217 et
1247 4167 1380 4216 Damiano.

385 4233 394 4261 ⁴
411 4245 435 4282 et
448 4238 501 4283 and
510 4246 610 4283 sancta:
629 4253 675 4283 orer.
690 4235 731 4295 87,
745 4234 784 4284 88.
1016 4233 1026 4263 ⁵
1043 4234 1203 4283 dominicali:
1222 4232 1262 4294 87,
1276 4232 1315 4280 88.

383 4296 394 4326 ‘³
411 4300 451 4348 nd
464 4301 584 4349 secundas
595 4317 710 4364 vesperas
721 4301 799 4349 sancti
818 4299 943 4363 Ieronpmi
959 4300 1021 4348 fiant
1038 4300 1157 4348 memorie
1173 4299 1204 4347 de
1222 4298 1313 4347 sanctis
1330 4298 1488 4348 solenniter:
1508 4303 1566 4349 add

351 4376 391 4425 97,
404 4378 443 4413 or.
1018 4364 1027 4396 ⁷
1046 4364 1235 4439 Responsoriis:
1254 4363 1295 4423 87,
1308 4362 1349 4417 88,
1362 4375 1405 4423 97,
1418 4377 1461 4412 01.

384 4429 393 4458 Β
411 4444 432 4490 11
449 4433 595 4493 rldnprrr'at.
633 4431 727 4480 Littera
743 4431 899 4480 dominicalis
911 4432 946 4479 D.
967 4431 1001 4494 iij.
1016 4432 1071 4493 [lug.
1087 4430 1143 4494 iiij.]
1155 4446 1234 4478 nonas
1246 4428 1369 4477 Octobris.
1386 4439 1439 4477 tota
1450 4440 1568 4480 cantetur

352 4495 462 4544 historia.

385 4561 457 4609 heria
470 4562 493 4624 ij.
509 4572 532 4609 et
545 4563 650 4610 sabbato
662 4562 693 4610 (le
705 4561 967 4610 comemoracionibus.

384 4626 410 4674 Si
422 4627 511 4674 suerint
524 4638 572 4674 tres
584 4627 809 4676 comemoraciones
821 4629 847 4675 in
859 4644 881 4676 v.
897 4627 957 4674 seria
970 4627 1011 4675 tiat
1024 4643 1071 4674 vna
1084 4624 1271 4674 comemoracio.

384 4691 451 4739 Nota
463 4693 529 4755 quod
548 4693 661 4755 Epistola
679 4704 702 4740 et
723 4694 885 4755 Euangelium
902 4694 933 4740 de
954 4691 997 4754 iiij.
1013 4692 1080 4739 seria.
1096 4691 1120 4739 in
1133 4690 1272 4739 ebdomada
1293 4689 1360 4753 xxiij.
1385 4705 1429 4753 per
1448 4690 1563 4740 Estatem

351 4756 456 4820 pertinet
468 4758 501 4805 ad
514 4757 556 4821 iiij.
569 4758 654 4806 seriam
664 4758 688 4805 in
697 4758 835 4807 ebdomada
844 4757 900 4821 xvij.
913 4774 968 4806 cum
977 4758 1048 4806 suerit
1059 4768 1156 4821 tempus
1163 4766 1320 4820 oportunum.
1358 4765 1397 4815 77.
