3834 5734
351 677 397 728 108
673 677 794 728 DIREC
796 678 822 726 T
819 677 949 729 ORIUM
966 677 1235 731 SACERDOTUM.

392 838 426 908 11
451 830 545 894 Feria
561 831 610 894 .vi.
626 830 668 894 de
685 840 801 894 sancto
828 831 961 914 Egidio.
986 831 1032 895 ix.
1055 830 1237 907 lectiones;
1269 832 1385 896 medie
1403 831 1562 896 lectiones

349 917 392 981 de
422 929 538 981 sancto
570 919 689 993 Prisco,
719 938 794 980 cum
822 917 984 982 versiculo
1010 927 1045 981 et
1076 919 1313 1001 Responsoriis
1344 920 1391 983 de
1415 922 1565 983 secundo

350 1016 511 1070 nocturno
527 1006 623 1068 unius
638 1006 800 1087 martyris.

393 1132 427 1202 ΙΙ
450 1125 608 1201 Sabbato,
633 1125 676 1189 de
695 1134 811 1189 sancta
839 1125 956 1188 Maria
1023 1124 1091 1187 Vbi
1117 1123 1202 1188 liunt
1222 1134 1292 1189 tres
1316 1145 1563 1190 commemora-

350 1213 465 1289 tiones
492 1214 523 1275 in
548 1213 611 1275 iiii.
639 1211 718 1275 seria
745 1209 803 1275 fiat
833 1232 898 1275 vna
928 1211 1211 1275 commemoratio.
1258 1212 1319 1275 Ad
1343 1233 1505 1296 vesperas
1529 1215 1560 1276 in

350 1299 491 1364 sabbato
507 1301 627 1364 dicitur
643 1299 904 1381 Responsorium
920 1323 927 1363 :
950 1308 985 1362 et
1001 1297 1060 1362 fiat
1075 1298 1252 1379 processio.

353 1472 389 1524 ᾖ
412 1480 422 1524 t
526 1426 560 1495 ΙΙ
584 1419 711 1482 Littera
744 1418 953 1483 dominicalis
987 1418 1032 1493 A,
1068 1418 1170 1481 tercio
1200 1438 1309 1482 nonas
1340 1418 1564 1502 Septembris,

352 1507 361 1522 “
391 1488 430 1606 p..
445 1466 482 1654 h]
528 1515 600 1657 “da
630 1515 780 1570 cantetur
806 1506 943 1570 historia
971 1505 1017 1569 Si
1036 1504 1139 1568 bona.¹
1187 1506 1227 1569 In
1251 1505 1415 1571 laudibus
1446 1528 1563 1571 omnes

351 1602 445 1675 antrp
470 1612 535 1656 one
575 1604 711 1656 rcuntur.

394 1719 428 1789 ΙΙ
451 1714 547 1777 Feria
571 1715 609 1776 .ii.
629 1713 671 1776 de
691 1723 808 1776 sancto
829 1712 1024 1787 Cuthberto,
1048 1713 1095 1775 ix.
1122 1712 1280 1776 lectiones
1298 1712 1384 1777 fiant
1413 1714 1500 1777 sicut
1527 1715 1558 1776 in

352 1799 418 1864 alio
434 1797 527 1875 sesto,
553 1802 615 1863 nisi
633 1800 730 1863 facte*
750 1800 871 1863 suerint
889 1800 922 1863 in
947 1800 1011 1874 .xl.‚
1028 1808 1109 1863 tunc
1134 1798 1217 1863 fiant
1236 1800 1291 1863 hic
1319 1800 1560 1865 inuitatorium

351 1885 487 1969 duplex,
503 1898 537 1951 ct
553 1899 619 1951 tres
634 1887 794 1952 lectiones
808 1889 851 1950 de
866 1887 1045 1949 communi.

394 2013 428 2083 (Ι
452 2008 549 2071 Feria
565 2008 615 2070 iii.
642 2008 685 2070 de
711 2014 828 2071 sancto
844 2007 990 2081 Bertino,
1011 2026 1086 2070 cum
1111 2015 1282 2072 nocturno
1330 2008 1560 2091 Responsoria

351 2094 394 2156 de
418 2096 526 2176 primo
552 2105 715 2158 nocturno
738 2095 834 2158 vnius
861 2093 1058 2158 confessoris
1074 2102 1108 2157 et
1132 2093 1271 2157 abbatis.
1320 2095 1558 2159 Inuitatorium

350 2181 503 2265 simplex.

394 2307 427 2376 (I
452 2302 548 2365 Feria
564 2301 625 2364 iiii.
642 2301 685 2364 de
702 2301 786 2365 sesto
803 2300 888 2364 loci.³

393 2429 426 2498 (1
452 2423 547 2486 Feria
577 2444 613 2484 .ν.
644 2423 780 2505 plenum
811 2422 988 2485 seruicium
1019 2420 1062 2484 de
1092 2428 1208 2484 sancta
1239 2420 1368 2484 Maria:
1404 2421 1487 2485 nihil
1518 2426 1563 2487 de

352 2509 499 2591 vigilia¹⁰
515 2510 577 2573 nisi
594 2510 752 2572 ieiunium
770 2512 924 2572 tantum*

395 2636 428 2705 (I
451 2629 521 2693 ⁵Ad
545 2630 669 2713 primas
692 2650 846 2711 vesperas
869 2630 912 2693 de
935 2629 1122 2692 Natiuitate
1151 2628 1250 2691 beate
1283 2628 1415 2706 Marie,⁰
1438 2630 1559 2693 dicitur

353 2714 485 2780 Oratiol
510 2718 788 2798 Supplicatrnncm.
843 2717 910 2780 Vbi
943 2715 1027 2780 fiunt
1050 2724 1116 2779 tres
1148 2718 1499 2793 commemorationes,
1525 2719 1558 2781 in

353 2803 403 2866 iii.
421 2803 500 2866 feria
517 2804 584 2868 fieti
602 2825 667 2867 vna
682 2804 957 2867 commemoratio
973 2825 980 2881 ;
1004 2802 1178 2866 memoria⁸
1193 2802 1235 2865 de
1251 2802 1339 2866 festo
1353 2814 1499 2868 tantum.

395 2925 428 2994 (l
454 2920 548 2983 Feria
564 2921 611 2982 .vi.
629 2920 671 2983 de
689 2920 873 2983 Natiuitate
889 2919 986 2984 beate
1011 2920 1125 2994 Marie,
1142 2917 1263 2981 festum
1288 2920 1397 2983 maius
1420 2920 1559 3001 duplex.

355 3007 399 3069 Et
431 3006 511 3070 fiant
542 3018 659 3070 octauo
689 3027 766 3070 cum
790 3007 951 3089 regimine
973 3007 1073 3070 chori.
1133 3007 1189 3069 Ad
1211 3008 1377 3069 secundas
1402 3028 1558 3090 vesperas

354 3094 433 3156 nihil
452 3093 508 3157 fiat
524 3096 566 3157 de
582 3105 699 3157 sancto
716 3093 894 3175 Gorgonio.

396 3220 429 3289 (l
453 3214 604 3278 Sabbato
620 3215 662 3277 dc
678 3215 840 3289 octauis,¹⁰
856 3225 922 3277 tres
935 3214 1112 3292 lectiones;
1133 3214 1272 3277 tercium
1290 3212 1555 3295 Responsorium

357 3300 508 3373 Glorrhsr,
538 3313 571 3363 ct
596 3303 756 3364 memoria
778 3302 821 3365 de
844 3311 960 3364 sancto
985 3299 1163 3383 Gorgonio.
1208 3301 1265 3363 Ad
1297 3321 1465 3382 vesperas,
1491 3323 1559 3364 me·

355 3388 459 3450 moria
475 3389 516 3451 de
532 3390 708 3461 dominica,
725 3389 816 3451 etde
833 3388 1007 3464 Trinitate,
1022 3398 1055 3452 et
1079 3387 1246 3471 processio
1269 3386 1335 3451 fiat.
1385 3388 1426 3451 ln
1450 3410 1557 3451 reuer-

353 3476 464 3552 tencl0,
481 3475 665 3557 antiphona
682 3475 841 3538 Saluntor
855 3475 993 3538 mundi?

529 3599 562 3668 (1
587 3594 766 3656 Dominica
798 3595 848 3667 .ii.,
880 3604 988 3657 totum
1023 3596 1064 3657 de
1093 3594 1267 3657 octauis¹⁰:
1297 3594 1440 3657 tercium
1476 3595 1557 3657 Res·

356 3648 431 3714 δεμ·
450 3642 500 3714 ω’]
531 3683 722 3762 ponsoriurn
750 3681 876 3762 Regali.
922 3682 1066 3745 Sextum
1098 3681 1361 3762 Responsorium
1384 3681 1560 3744 Nalim'las

355 3779 418 3839 esu·
439 3787 562 3830 nonum
581 3770 842 3849 Responsorium
858 3769 921 3830 Ad
932 3779 1058 3831 nutum.
1095 3766 1153 3830 Ad
1166 3787 1330 3850 vesperas,
1342 3770 1504 3831 memoria
1516 3770 1557 3832 de

357 3854 581 3934 martyribus¹¹
599 3867 632 3917 ct
648 3857 690 3917 de
706 3857 883 3918 dominica.

357 4042 366 4104 l
399 3963 430 4031 (ᾗ
458 3958 552 4020 Feria
568 3961 607 4021 ii.
624 3961 666 4022 de
682 3960 854 4022 octauis¹“:
870 3960 1009 4022 tercium
1027 3959 1288 4042 Responsorium
1309 3958 1475 4022 Gloriosa.
1492 3970 1560 4022 tres

369 4046 549 4107 οεῑίοηοε.12

391 4271 396 4299 ¹
415 4273 517 4320 Sidona
529 4273 649 4321 indicates
661 4275 702 4322 the
714 4274 874 4338 hittorr'usob
884 4289 892 4322 .·
908 4289 949 4322 see
962 4274 1037 4322 Brea.
1052 4275 1109 4321 Sar.
1124 4272 1139 4321 i.
1154 4273 1275 4321 mcclxxx.

388 4336 398 4365 '·'
415 4344 481 4387 suctu
494 4337 526 4388 †:
544 4339 584 4387 08.
622 4344 679 4397 (Suc
694 4341 756 4387 llnr.
772 4342 824 4399 ιο.)
979 4339 989 4367 ³
1006 4338 1069 4387 sesto
1081 4338 1122 4386 loli
1134 4339 1168 4388 †:
1185 4351 1215 4386 01
1230 4340 1382 4399 (exerrare).

388 4402 398 4431 ⁴
415 4404 453 4451 Cl.
471 4406 546 4452 Crede
558 4406 595 4452 ll.
611 4410 623 4458 ,ξ
639 4406 691 4467 ιῡ5,
705 4421 728 4468 p.
744 4417 782 4464 74.
982 4402 1036 4438 Μ*
1052 4403 1093 4452 Ad
1104 4418 1220 4467 vesperas
1230 4403 1319 4453 dicitur
1330 4404 1428 4454 oratio:
1446 4404 1487 4465 87,
1500 4402 1538 4452 88.

388 4466 399 4495 ὓ
417 4470 456 4516 lle
469 4486 490 4517 r.
506 4471 550 4517 lec.
567 4469 591 4517 iu
604 4470 666 4517 lustu
680 4472 736 4518 Nat.
755 4470 858 4517 ulls.
872 4468 928 4518 vide
942 4470 1017 4518 Crnr'c·
1029 4470 1067 4517 M.
1082 4472 1094 4527 ᾗ·
1109 4481 1163 4529 190,
1177 4486 1200 4534 p.
1216 4480 1255 4531 79.

388 4532 397 4563 ⁷
415 4534 475 4583 liat:
494 4535 533 4594 87,
553 4535 591 4582 83.
985 4536 996 4563 ⁸
1012 4546 1036 4583 et
1048 4535 1124 4597 hyon·
1136 4535 1272 4586 memoria:
1290 4534 1330 4596 87,
1344 4534 1384 4585 88.

388 4597 399 4626 ¹³
418 4599 495 4647 Missa
506 4599 663 4648 dominicalis·
680 4600 769 4648 <licitur
782 4600 806 4648 in
819 4600 946 4665 capitulo:
964 4601 1019 4648 add.
1034 4611 1074 4660 97,
1087 4613 1129 4657 01,
1142 4599 1182 4647 08.

390 4662 409 4691 ¹⁰
426 4663 484 4712 Nat.
502 4666 528 4712 Β.
546 4665 632 4713 llario.
980 4664 997 4693 ¹¹
1018 4664 1110 4713 l‘rotho
1122 4674 1147 4713 et
1160 4665 1264 4714 lacinto.

389 4727 408 4756 '²'
426 4739 474 4777 trus
486 4741 534 4778 tres
546 4730 590 4778 lec'
602 4748 608 4778 z
626 4743 665 4778 οι.
