3834 5734
714 669 897 730 QUINTUM
913 670 947 717 A.
983 668 1039 716 xix.
1059 668 1116 717 viii.
1486 680 1517 731 93

350 825 389 896 (Ι
413 820 511 883 Feria
534 821 585 883 .iii.
608 821 651 884 de
673 831 790 885 sancto
805 820 995 885 Valentino.
1042 820 1276 885 Inuitatorium
1293 820 1448 903 simplex,
1465 821 1516 883 .iii.

298 904 480 970 lectiones,
528 907 720 990 Capitulum
736 909 804 972 Iste
817 918 956 971 sanctus.

350 1032 389 1103 (Ι
412 1028 509 1091 Feria
532 1029 594 1091 .iiii.
617 1027 660 1091 de
683 1028 784 1092 seria.¹
831 1029 1056 1111 Responsoria
1075 1027 1162 1091 illius
1180 1027 1265 1091 serie.
1312 1027 1466 1111 Epistola
1482 1037 1516 1092 et

301 1115 523 1196 euangelium
539 1116 688 1179 eiusdem
705 1116 804 1179 serie.⁹

303 1319 316 1384 Ι
354 1241 391 1310 (Ι
415 1236 512 1299 Feria
541 1258 579 1300 .v.
610 1237 652 1300 de
681 1246 798 1300 sancta
837 1237 974 1311 Iuliana,
1014 1237 1247 1301 Inuitatorium
1282 1235 1437 1319 simplex,
1465 1236 1515 1299 .iii.

319 1323 482 1386 ectiones.

355 1448 392 1517 (Ι
416 1442 512 1505 Feria
527 1443 577 1507 .vi.
593 1443 636 1507 de
652 1443 737 1507 sesto
753 1444 825 1508 loci.

356 1568 392 1638 (Ι
415 1562 574 1641 sabbato,
590 1563 633 1626 de
655 1575 772 1627 sancta
796 1565 914 1631 Maria.
960 1564 1018 1627 Ad
1042 1560 1192 1627 missam³
1209 1563 1300 1643 kyrie
1314 1565 1517 1645 orrtm'potenn

309 1648 467 1731 Spiritus
491 1660 522 1712 et
547 1652 640 1728 alme,
667 1653 713 1714 et⁴
740 1651 931 1715 Benedictus
959 1652 1075 1714 Maria
1094 1651 1200 1733 filius.
1247 1650 1313 1714 Vbi
1341 1650 1425 1714 fiunt
1452 1662 1518 1714 tres

307 1739 660 1816 commemorationeS,
676 1739 708 1800 in
725 1739 786 1802 .iiii.
805 1738 884 1802 feria
901 1738 970 1802 fiet³
986 1758 1072 1801 vna:
1096 1747 1129 1800 et
1145 1737 1319 1801 claudatur
1333 1738 1474 1801 alleluia.

309 1861 385 1915 Feb.
402 1856 454 1930 19.]
489 1862 523 1932 (Ι
545 1858 726 1921 Dominica
741 1858 774 1921 in
790 1858 886 1923 htx.⁶
901 1867 973 1922 tota
988 1858 1108 1922 dicitur
1124 1858 1269 1921 historia

360 1983 392 2053 (Ι
417 1977 515 2040 Feria
530 1977 569 2040 .ii.
586 1978 629 2041 de
646 1976 734 2041 feria.
781 1977 1008 2061 Responsoria
1030 1976 1166 2040 historie
1182 1975 1400 2052 dominicalis,
1417 1978 1519 2039 missa

312 2064 421 2127 Salus
428 2064 550 2146 populi.

359 2189 393 2259 (Ι
416 2184 514 2247 Feria
527 2183 579 2247 .iii.
595 2183 639 2246 de
654 2183 739 2248 sesto
754 2182 826 2247 loci.

359 2310 393 2380 (Ι
416 2304 515 2367 Feria
544 2305 608 2368 .iiii.
639 2306 681 2369 de
712 2315 829 2368 sancto
868 2304 974 2369 Petro,
1036 2304 1271 2368 Inuitatorium
1303 2303 1435 2387 triplex,
1475 2305 1518 2367 ix.

312 2392 483 2455 lectiones.
529 2390 586 2455 Ad
603 2393 739 2455 missam
756 2392 877 2455 dicitur
895 2391 995 2456 Credo
1010 2402 1043 2454 et
1066 2390 1210 2454 Presatio
1225 2391 1269 2455 de
1284 2391 1452 2473 apostolis.

359 2516 393 2586 (Ι
416 2510 514 2573 Feria
536 2532 575 2575 .v.
598 2511 641 2574 de
664 2509 753 2575 seria
800 2510 1026 2593 Responsoria
1049 2509 1175 2574 ferialia
1198 2510 1321 2593 pariter
1335 2519 1520 2575 cantentur.

316 2598 425 2661 Missa
440 2597 503 2660 .iiii.
520 2595 607 2660 ferie.

360 2723 394 2793 (Ι
417 2716 563 2781 Sanctus
583 2717 730 2781 Mathias
747 2738 813 2781 non
830 2717 932 2782 habet
948 2717 1107 2800 vigiliam,
1124 2718 1186 2782 nisi
1203 2719 1363 2782 ieiunium
1378 2727 1520 2783 tantum.

360 2842 394 2912 (Ι
418 2837 516 2900 Feria
547 2838 610 2901 .vi.l
645 2837 688 2901 de
721 2846 838 2901 sancto
870 2836 1002 2901 Mathia
1032 2837 1195 2920 apostolo
1229 2838 1350 2902 t'estum
1385 2838 1520 2902 inferius

317 2921 455 3005 duplex.
501 2923 558 2987 Ad
575 2944 730 3007 vesperas
747 2924 931 3006 antiphona
948 2923 1021 2988 Sub
1036 2935 1128 2988 tuam
1143 2924 1332 2989 solenniter.

359 3048 395 3118 (Ι
418 3043 578 3118 Sabbato‚
613 3045 655 3107 de
684 3053 801 3108 sancta
834 3045 950 3108 Maria.
1010 3045 1077 3108 Vbi
1102 3045 1186 3109 fiunt
1216 3054 1282 3109 tres
1316 3066 1521 3109 commemo-

317 3131 472 3206 rationes,
489 3131 522 3194 in
539 3131 579 3195 .ii.
596 3130 677 3194 seria
692 3130 751 3195 fiat
766 3151 832 3194 vna
848 3133 1133 3196 commemoratio.

360 3256 395 3327 (Ι
420 3252 459 3315 ln
490 3272 579 3315 anno
609 3252 766 3330 bisextili‚
794 3252 852 3316 fiat
887 3254 1063 3316 seruitium
1096 3252 1139 3315 de
1169 3261 1286 3316 sancto
1317 3252 1448 3317 Mathia
1481 3254 1519 3316 ln

316 3337 480 3416 sabbat03
506 3347 539 3402 et
555 3340 588 3401 in
604 3340 655 3403 .vi.
671 3338 753 3403 seria
768 3338 828 3404 fiat
843 3340 1120 3403 commemoratio
1135 3339 1234 3404 beate
1251 3340 1366 3404 Marie.

361 3464 395 3534 (Ι
418 3458 464 3522 Et
480 3467 559 3522 tunc
575 3458 697 3523 abhoc
720 3460 861 3524 sabbato
882 3480 986 3543 vsque
1009 3460 1051 3524 ad
1075 3460 1299 3542 inceptionem
1321 3459 1456 3523 historie
1479 3459 1521 3521 In

309 3545 474 3628 principib
497 3547 679 3628 accipiatur
701 3547 855 3628 quintum
882 3547 912 3610 G
935 3568 996 3629 pro
1028 3549 1137 3611 littera
1164 3546 1379 3625 dominicali;
1408 3557 1442 3609 et
1473 3547 1521 3609 in·

317 3632 457 3696 choetur
472 3633 515 3695 ad
532 3634 734 3697 dominicam
750 3635 969 3716 sexagesime.

317 3757 388 3811 feb.
402 3754 458 3827 26.]
493 3759 527 3829 (Ι
550 3753 729 3817 Dominica
744 3753 965 3837 sexagesime,
981 3763 1054 3817 tota
1068 3753 1188 3817 dicitur
1202 3753 1349 3819 historia.

363 3880 395 3950 (Ι
419 3874 517 3938 Feria
538 3873 579 3938 .ii.
603 3874 646 3938 de
673 3874 760 3937 feria
820 3875 1046 3957 Responsoria
1075 3874 1212 3939 historie
1242 3874 1451 3939 dominicalis
1474 3874 1524 3937 di·

318 3971 448 4040 cuntur,
463 3981 540 4024 cum
558 3962 658 4025 missa
675 3962 778 4025 Salus
792 3962 912 4043 populi.

363 4086 397 4156 (Ι
420 4082 449 4144 F
450 4081 518 4145 eria
533 4081 585 4144 .iii.
601 4083 644 4145 de
660 4080 746 4145 sesto
762 4082 834 4146 loci.

363 4205 397 4275 (Ι
421 4200 519 4264 Feria
534 4199 600 4264 .iiii.
617 4201 659 4264 de
674 4212 791 4265 sancto
808 4201 931 4276 Dauid,
947 4200 992 4263 ix.
1009 4200 1189 4265 lectiones.⁸

364 4325 398 4395 (Ι
421 4320 520 4384 Feria
535 4342 573 4385 .v.
590 4321 632 4384 de
648 4331 765 4386 sancto
783 4295 908 4396 ¹Cedda‚
924 4320 969 4383 ix.
987 4320 1168 4384 lectiones.⁸

356 4505 363 4536 ¹
380 4505 464 4556 feriis:
481 4517 521 4568 97.
985 4505 997 4536 ‘²
1013 4506 1088 4556 ferie:
1106 4520 1207 4558 om.o1.

355 4570 467 4621 ³cuntutt
478 4587 567 4636 super:
584 4572 641 4621 add.
653 4582 695 4634 97,
707 4584 748 4621 01.
985 4571 1052 4621 ‘etz
1069 4589 1115 4620 ortt.
1129 4584 1170 4621 01.

355 4634 366 4711 ff
382 4637 440 4711 liat:
458 4635 499 4696 87,
512 4636 552 4686 88.
988 4634 998 4666 ⁶
1015 4635 1072 4685 lxxi.
1087 4648 1128 4698 97,
1140 4650 1180 4712 οιε

359 4714 364 4732 ·
382 4717 426 4751 u.:
444 4700 485 4763 87,
499 4700 539 4750 88.
986 4700 997 4732 ⁸
1013 4703 1044 4751 de
1057 4718 1200 4753 commum:
1217 4704 1273 4752 add.
1287 4715 1328 4766 97,
1341 4717 1381 4753 01.
