3834 5734
355 713 388 763 70
691 698 967 751 DIRECTORIUM
985 698 1254 750 SACBRDOTUM.

397 860 431 931 01
455 853 671 937 Sabbatodc
694 862 810 916 sancta
834 852 950 927 Maria,
974 861 1008 915 et
1034 852 1077 915 ad
1100 870 1256 933 vesperas
1280 853 1450 934 processio¹
1471 863 1526 914 ante

355 961 494 1005 crucem.
540 940 606 1004 Vbi
632 939 716 1003 fiunt
742 947 809 1003 tres
832 939 1175 1015 commemorationes,
1191 940 1224 1000 in
1240 959 1279 1001 .v.
1303 938 1382 1002 feria
1403 937 1463 1001 fiet²
1480 956 1526 1000 vna

355 1027 650 1102 commemoratio;
675 1026 720 1089 Et
734 1035 814 1089 tunc
830 1026 864 1089 in
880 1027 928 1090 ‚vi
945 1025 1026 1089 feria
1035 1027 1190 1090 dicuntur
1213 1025 1434 1108 Responsoria
1446 1025 1481 1088 de
1492 1026 1527 1086 .iii.

354 1114 444 1191 seria,
458 1114 583 1178 scilicet
598 1113 745 1176 Locutus.

531 1240 565 1310 (i
590 1233 766 1297 Dominica
793 1233 832 1295 .ii.
856 1242 932 1315 post
955 1232 1067 1307 Pasca,
1083 1240 1192 1294 totum
1208 1232 1251 1295 de
1274 1241 1391 1295 sancto
1406 1230 1530 1314 Georgo,

533 1320 654 1384 festum
668 1320 777 1384 minus
789 1319 926 1401 duplex.
972 1319 1164 1385 Secundum
1173 1318 1309 1382 alleluiu
1319 1319 1383 1382 erit
1397 1319 1436 1381 de
1450 1338 1529 1380 resur·

357 1406 511 1482 rectione,
527 1427 593 1470 non
610 1407 653 1470 de
668 1406 846 1470 dominica.

355 1283 436 1353 April
450 1281 505 1354 23·]

376 1533 432 1675 apl
457 1526 552 1589 Feria
567 1527 607 1591 .ii.
623 1527 665 1590 de
679 1525 775 1590 feriis.
823 1526 1048 1609 Responsoria
1063 1526 1150 1589 illius
1171 1526 1271 1603 ferie;
1295 1526 1395 1589 missa
1416 1525 1534 1588 domini·
1603 1602 1606 1655 1

357 1633 374 1676 c
410 1632 445 1677 is.

399 1733 553 1808 {IFeria
582 1733 634 1796 .iii.
664 1734 707 1797 de
736 1742 853 1797 sancto
885 1733 1009 1810 Marco,
1040 1732 1162 1796 festum
1194 1732 1317 1795 minus³
1347 1733 1490 1816 duplex;
1515 1740 1539 1792 et

356 1820 522 1901 processio
538 1818 605 1884 fiat.

357 1947 433 2089 La
458 1941 554 2004 Feria
583 1942 646 2004 .iiii.
677 1943 719 2005 de
749 1940 846 2006 feriis.
906 1939 1133 2024 Responsoria
1163 1941 1205 2003 de
1235 1940 1288 2003 .iii.
1319 1939 1407 2017 serim
1437 1940 1544 2003 scilicet

388 2037 504 2090 ocutus.

400 2153 434 2223 ΙΙ
458 2148 553 2210 Feria
568 2170 605 2211 ‚v.
621 2148 664 2211 de
680 2149 765 2213 festo
781 2147 853 2212 loci.

400 2268 434 2338 ΙΙ
458 2263 554 2326 Feria
569 2265 617 2326 .vi.
633 2265 675 2327 de
690 2274 807 2328 sancto
822 2263 944 2340 Vitale,
960 2263 1011 2327 .iii.
1026 2262 1184 2328 lectiones
1199 2282 1275 2326 cum
1288 2261 1450 2347 regimine
1465 2263 1554 2326 chori.

359 2349 551 2432 Capitulum
570 2351 692 2414 Beatus
705 2351 763 2414 vir
774 2351 834 2433 qui
846 2352 882 2414 iu
896 2351 1066 2432 supuutia.

401 2473 435 2544 ΙΙ
459 2468 616 2546 Sabbato‚
633 2470 675 2534 de
690 2480 807 2534 sancta
822 2471 938 2535 Maria„
977 2471 1034 2535 Ad
1051 2489 1204 2552 vesperas
1221 2469 1278 2533 fiat
1302 2471 1473 2553 processio
1489 2480 1559 2533 ante

358 2575 497 2618 crucem.
543 2556 609 2620 Vbi
625 2556 709 2620 fiunt
732 2568 798 2621 tres
821 2559 1163 2634 commemorationes,
1180 2557 1212 2619 in
1229 2557 1293 2620 .iiii.
1309 2556 1392 2621 feria
1414 2556 1486 2621 fiet*
1500 2577 1557 2620 vna

358 2644 638 2707 commemoratio.
684 2644 729 2708 Et
745 2655 824 2708 tunc
840 2645 872 2706 in
889 2645 1036 2708 secunda
1059 2644 1139 2707 feria
1160 2643 1316 2707 dicantur
1338 2644 1560 2726 Responsoria

359 2730 402 2792 de
417 2729 481 2794 .iiii.
497 2730 585 2804 seria,
601 2730 726 2794 scilicet
751 2731 831 2796 Vidi
835 2741 976 2812 portam.

536 2860 570 2930 ss
594 2853 773 2917 Dominica
803 2853 854 2916 .iii.
886 2862 964 2935 post
991 2852 1102 2927 Pasca,
1134 2852 1176 2915 de
1198 2850 1337 2916 seruicio
1364 2852 1561 2915 dominicali.

541 2941 579 3003 In
605 2940 757 3004 laudibus
780 2961 846 3003 vna
868 2939 1053 3021 antiphona
1079 2938 1119 3022 [c.
1151 2938 1218 3021 iiii].
1265 2939 1321 3002 Ad
1344 2959 1503 3022 vesperas
1525 2940 1563 3001 de

360 3025 532 3125 apostolis⁵
563 3023 612 3091 fit⁹
642 3027 803 3092 memoria
827 3027 1018 3090 solenniter⁰
1044 3027 1086 3089 de
1115 3025 1293 3099 dominica,
1323 3034 1358 3088 et
1389 3027 1432 3089 de
1463 3047 1563 3089 resur·

359 3121 512 3175 rectione.

358 2901 440 2971 April
454 2900 509 2972 3o.]

402 3237 436 3307 ΙΙ
460 3233 555 3296 Feria
570 3234 610 3296 .ii.
626 3234 669 3296 de
684 3233 858 3317 apostolis³
874 3233 993 3298 festum
1010 3233 1143 3296 inferius
1158 3232 1294 3317 duplex.

401 3354 623 3501 1(ΙΡετίῑιᾸίἰ.
640 3356 683 3418 de
699 3354 794 3418 seriis.
834 3355 1061 3437 Responsoria
1076 3354 1211 3436 Dignus
1224 3375 1263 3417 es.
1304 3354 1411 3418 Missa
1426 3354 1567 3418 domini-

361 3459 448 3502 cais.

403 3565 437 3635 (I
461 3560 557 3623 Feria
572 3561 635 3625 .iiii.
650 3563 693 3626 de
709 3562 833 3626 Sancta
847 3561 962 3638 Cruce‚
978 3561 1099 3625 festum
1111 3562 1220 3624 minus
1231 3561 1360 3643 duplex
1374 3582 1383 3639 ;
1407 3562 1566 3625 memoria

360 3645 403 3708 de
418 3648 632 3730 martyribus⁷
647 3659 681 3712 et
696 3649 862 3732 processio
877 3650 920 3712 ad
936 3649 1059 3732 primas
1075 3669 1238 3731 vesperas.
1292 3648 1350 3711 Ad
1375 3650 1567 3724 matutinas,

359 3736 813 3885 pperpippipincffietpartyribus,
827 3736 1027 3819 Antiphona
1042 3735 1120 3798 Lux
1137 3747 1291 3818 perpetua
1318 3735 1434 3811 minor,
1450 3755 1567 3799 secun·

401 3946 435 4016 (I
459 3942 555 4005 Feria
570 3964 607 4005 .v.
623 3943 665 4006 de
681 3942 766 4007 festo
782 3942 851 4007 loci.

404 4067 437 4136 ΙΙ
462 4063 558 4125 Feria
574 4064 622 4126 .vi.
639 4065 682 4127 de
697 4075 814 4129 sancta
831 4064 946 4127 Maria.
991 4063 1059 4126 Vbi
1076 4062 1161 4127 fiunt
1172 4064 1224 4126 .iii.
1233 4063 1567 4127 commemorationes

361 4147 394 4209 in
422 4148 473 4209 .iii.
504 4149 585 4212 feria
615 4149 673 4216 fiat
700 4172 765 4215 vna
794 4151 1077 4228 commemoratio
1099 4160 1133 4215 et
1163 4152 1264 4214 missa
1293 4149 1503 4213 dominicalis
1533 4149 1565 4210 in

359 4233 505 4316 capitulo
521 4236 647 4300 dicitur.

390 4475 401 4573 ἒ
418 4477 460 4553 ,⁵³²
472 4479 548 4554 ocyore
558 4481 699 4556 processio:
718 4481 758 4543 87,
772 4481 811 4531 88.
1054 4480 1066 4512 ²
1082 4482 1142 4532 fiat:
1161 4482 1201 4544 87,
1216 4481 1254 4532 88.

390 4545 569 4636 ¹⁵insenossor
579 4563 679 4596 minus:
698 4547 738 4609 87,
752 4547 791 4597 88.
1052 4546 1139 4597 ‘fian
1157 4547 1251 4623 &88.

417 4608 462 4658 SS.
479 4610 595 4675 Philippo
606 4621 630 4661 et
644 4612 744 4662 Iacobo.
1050 4612 1062 4643 ⁶
1078 4615 1229 4664 solenniter:
1246 4629 1293 4662 om.
1307 4610 1349 4674 87,
1363 4610 1403 4662 88.

389 4671 400 4704 ⁷
417 4673 462 4724 SS.
476 4675 630 4734 Alexandro,
644 4678 751 4726 Euentio
763 4688 787 4726 et
799 4678 947 4728 Theodulio.
984 4678 1032 4729 See
1044 4679 1113 4728 Brcu
1123 4681 1181 4729 Sar.
1196 4678 1231 4728 iii.
1246 4689 1303 4740 274,
1314 4678 1404 4727 rubric.

389 4736 400 4768 ⁸
416 4738 456 4788 Cf.
473 4740 547 4788 Crede
558 4742 596 4790 M.
611 4743 625 4801 §
639 4754 693 4803 144,
707 4758 730 4807 p.
747 4753 785 4803 70.
