3834 5734
732 672 895 724 PRIMUM
911 672 944 721 B.
980 673 1034 722 xvi.
1053 673 1113 721 xir'r'.
1134 688 1157 722 o.
1178 673 1207 720 ri.
1512 682 1557 734 125

349 831 440 887 totas
462 834 612 900 octauas,
632 826 769 907 quando
792 825 835 888 de
857 825 985 888 octauis
1008 823 1046 887 fit
1069 824 1263 889 seruicium:
1286 835 1320 887 et
1336 825 1394 888 liat
1411 824 1557 888 solennis

351 911 514 975 memoria
529 915 572 976 de
589 922 706 975 sancto
722 912 914 995 Augustino
930 921 1070 975 tantum.

394 1037 429 1107 11
452 1032 551 1101 Feria
566 1034 615 1095 .vi.
631 1033 673 1094 de
699 1042 815 1094 sancto
841 1032 1044 1116 Augustino,
1063 1030 1202 1095 Inferius
1227 1030 1375 1112 duplex;
1398 1031 1558 1094 memoria

351 1117 395 1180 de
423 1119 554 1181 octauis
585 1118 741 1201 Corporis
777 1118 899 1184 Christi
935 1118 1123 1190 solenniter,
1158 1118 1214 1182 Ad
1247 1119 1428 1182 matutinas
1461 1167 1469 1182 .
1501 1119 1557 1182 ad¹

352 1205 490 1269 missam
505 1216 539 1269 et
555 1206 598 1269 ad
614 1226 768 1288 vesperas
784 1251 792 1266 .
808 1215 842 1269 et
857 1205 919 1275 sub
934 1205 1067 1269 silentio
1083 1205 1124 1268 de
1139 1206 1266 1269 octauis
1283 1205 1478 1269 Trinitatis.²

393 1330 429 1400 ΙΙ
452 1324 604 1390 Sabbato
630 1325 673 1387 de
703 1321 842 1388 octauis³
872 1324 923 1387 ‚iii
960 1324 1146 1387 lectiones.
1169 1325 1329 1388 memoria
1365 1325 1408 1388 de
1440 1334 1558 1388 sancto

351 1409 531 1486 Germano,
548 1422 582 1475 et
593 1411 635 1474 de
651 1412 779 1475 octauis
794 1411 976 1475 Trinitatis.
1023 1410 1079 1473 Ad
1096 1432 1249 1494 vesperas
1265 1413 1307 1474 de
1322 1411 1450 1475 octauis
1467 1412 1558 1475 nulla

351 1498 492 1561 omnino
518 1498 577 1561 fiat
602 1499 762 1561 memoria
787 1499 829 1561 de
853 1498 1031 1574 dominica,
1058 1519 1167 1581 neque
1190 1500 1232 1562 de
1256 1499 1432 1576 Trinitate,
1449 1518 1556 1581 neque

352 1585 522 1667 processio
537 1586 603 1650 fiat.
650 1585 739 1668 Quia
751 1586 814 1648 ista
829 1585 996 1648 dominica
1012 1586 1215 1649 transfertur.

352 1757 405 1810 Ma
530 1711 565 1781 (Ι
587 1705 765 1768 Dominica
788 1705 872 1768 inira
893 1714 1031 1767 octauas
1055 1705 1211 1788 Corporis
1236 1705 1367 1780 Christi,
1391 1715 1497 1770 toturn
1516 1707 1558 1768 de

405 1752 494 1825 ⁹²⁹]
531 1793 678 1855 octauis:
703 1812 827 1855 nonum
853 1792 1116 1873 Responsoriurn
1140 1813 1160 1855 a
1183 1791 1314 1856 duobus
1339 1801 1557 1856 cantetur.et

350 1877 446 1941 nulla
462 1879 631 1942 memoria.

395 2003 431 2073 ΙΙ
454 1997 551 2061 Feria
565 1999 606 2062 ii.
622 2000 664 2061 de
680 1999 815 2062 octauis
862 1998 1089 2080 Responsoria
1104 1997 1147 2060 de
1162 1998 1270 2080 primo
1287 2008 1450 2061 nocturno

394 2123 430 2193 ΙΙ
454 2118 551 2181 Feria
566 2118 616 2182 .iii.
632 2119 674 2181 de
690 2119 825 2181 octauis.
873 2117 1098 2200 Responsoria
1113 2116 1154 2180 de
1170 2117 1317 2180 secundo
1334 2129 1505 2191 nocturno
1522 2128 1556 2182 et

352 2204 516 2267 memoria
531 2205 573 2268 de
588 2215 705 2268 sancta
721 2204 910 2268 Petronilla.

398 2331 432 2400 (l
455 2325 552 2388 Feria
575 2325 638 2388 iiii.
661 2326 704 2387 de
726 2326 861 2388 octauis.
908 2326 1134 2408 Responsoria
1157 2325 1199 2387 de
1222 2326 1325 2388 tercio
1347 2335 1509 2388 nocturno
1525 2335 1558 2389 et

353 2413 517 2475 memoria
539 2413 581 2474 de
604 2422 721 2474 sancto
738 2413 769 2475 N
773 2411 945 2474 ichomede
964 2421 1115 2492 martyre.
1163 2411 1219 2474 Ad
1235 2433 1391 2494 vesperas
1407 2412 1468 2475 hec
1485 2412 1556 2476 sola

352 2498 540 2580 antiphona
565 2499 744 2562 Sacerdos:
767 2498 923 2581 psalmus,
946 2498 1047 2561 Dixit
1069 2498 1235 2561 Dominus
1257 2549 1263 2561 .
1287 2508 1320 2562 et
1343 2500 1450 2577 ceteri,
1473 2500 1558 2563 sicut

353 2586 388 2647 in
404 2585 520 2667 primis
534 2587 699 2668 vesperis.
713 2587 871 2649 memoria
888 2586 930 2648 de
946 2586 1169 2667 martyribus.⁴

398 2711 433 2781 (Ι
455 2705 552 2769 Feria
564 2728 601 2769 .v.
611 2706 654 2768 de
666 2706 793 2769 octauis
807 2727 815 2783 ;
838 2707 1071 2769 Inuitatorium
1082 2705 1216 2788 triplex,
1226 2714 1260 2768 et
1274 2706 1382 2769 medie
1398 2705 1556 2770 lectiones

354 2792 398 2855 de
413 2793 637 2874 martyribus⁴
682 2793 739 2856 Ad
755 2794 919 2856 secundas
934 2813 1090 2874 vesperas
1108 2792 1256 2874 psalrnus
1271 2792 1372 2855 Dixit
1385 2794 1558 2870 Dominus,

355 2888 390 2942 et
411 2878 475 2956 alii,
491 2888 526 2943 vt
543 2880 585 2942 ad
609 2880 733 2962 primas
753 2900 917 2963 vesperas.
965 2880 1123 2959 Hymnus
1141 2879 1256 2944 Sacris
1270 2880 1430 2943 solenniis.
1446 2882 1557 2944 Versi-

354 2966 446 3029 culus
461 2966 588 3029 Panem
602 2966 641 3028 do
654 2966 717 3029 celo
727 2990 739 3029 .·
762 2967 920 3030 memoria
936 2966 979 3029 de
995 2967 1079 3029 festo
1095 2965 1166 3030 loci.

397 3093 432 3163 ΙΙ
455 3087 552 3150 Feria
568 3086 617 3149 .vi.
634 3087 674 3149 de
691 3086 776 3149 festo
792 3086 863 3150 loci.

397 3213 432 3283 (Ι
454 3206 613 3282 Sabbato,
637 3206 680 3269 de
703 3216 820 3270 sancta
839 3207 954 3270 Maria.
1001 3207 1057 3270 Ad
1080 3226 1236 3288 vesperas
1260 3207 1380 3270 dicitur
1403 3208 1556 3290 Respon-

354 3297 478 3357 sotium
493 3293 602 3357 Deum
617 3295 696 3356 time
707 3343 713 3355 .
726 3294 910 3377 antiphona
925 3294 1075 3375 Loquere,
1090 3294 1238 3369 Domine,
1256 3292 1403 3375 psalmus
1418 3294 1555 3376 Magni-

347 3381 453 3463 ficot:
477 3383 524 3443 et³
537 3381 698 3443 memoria
709 3381 752 3444 de
767 3382 891 3444 sanctis
905 3381 1078 3443 Bonisacio
1093 3378 1341 3462 sociorumque†
1356 3381 1425 3443 eius
1438 3402 1445 3459 ;
1469 3384 1556 3445 etde

355 3469 530 3545 Trinitate,
545 3488 620 3530 cum
637 3467 847 3550 processione
862 3476 940 3530 ante
956 3487 1096 3531 crucem.

353 3639 427 3708 ue
441 3634 477 3708 ε]
530 3586 1558 3751 ¹1ss.sun,{inuruntur

354 3759 577 3842 martyribus.⁶
625 3761 663 3824 In
680 3760 833 3824 laudibus
848 3782 965 3825 omnes
980 3761 1161 3844 antiphone
1177 3762 1339 3825 dicuntur.

396 3887 431 3957 (ἶ
453 3881 550 3945 Feria
566 3881 605 3944 .ii.
623 3881 665 3944 de
681 3880 767 3944 sesto
779 3881 851 3945 loci.

397 4006 432 4076 (I
455 4002 552 4064 Feria
567 4001 618 4064 .iii.
634 4002 677 4064 de
691 4011 808 4065 sancta
825 4002 940 4065 Maria.

397 4127 431 4196 (l
455 4122 551 4185 Feria
566 4121 630 4184 iiii.
645 4122 688 4185 de
703 4122 827 4185 sanctis
855 4121 1019 4185 Medardo
1035 4131 1068 4185 et
1084 4120 1254 4197 Gildardo,
1274 4141 1349 4184 curn
1374 4121 1558 4185 Versiculis

352 4215 390 4271 et
406 4207 639 4291 Responsoriis
655 4209 698 4272 de
713 4209 821 4290 primo
837 4218 999 4272 nocturno
1013 4209 1230 4292 plurimorum
1247 4208 1481 4272 confessorum.

385 4511 397 4607 ἑ
412 4510 682 4642 adhtipllgnaglrieffioria
693 4576 812 4642 Corporis
823 4575 933 4627 Christi:
951 4576 1007 4625 add.
1026 4584 1067 4636 97,
1080 4587 1120 4623 or.

384 4640 396 4672 ⁸
412 4642 531 4707 Corporis
542 4642 643 4692 Christi.
1035 4639 1046 4668 ⁴
1064 4640 1109 4689 SS.
1126 4637 1272 4687 Marcellino
1284 4646 1309 4689 et
1321 4640 1401 4689 Petro.

385 4706 397 4736 ⁸
412 4719 455 4757 et:
472 4724 519 4758 om.
534 4707 575 4768 87,
588 4706 628 4756 88.
761 4760 763 4763 ,
1038 4703 1048 4734 ⁸
1066 4704 1091 4754 S.
1106 4703 1235 4754 Bonilacio
1246 4713 1293 4753 etc.
