3834 5734
412 705 459 754 190
726 691 823 740 DIRE
827 692 848 740 C
851 692 876 739 T
876 691 1000 742 ORIUM
1031 693 1075 740 SA
1081 692 1235 742 CERDOT
1236 692 1298 743 ΠΜ.

451 853 485 922 (Ι
510 847 606 908 Feria
622 845 672 907 .vi.
688 845 731 907 de
747 844 937 927 Epiphania
954 845 1102 922 Domini,
1118 845 1239 910 festum
1256 846 1438 928 principale
1456 870 1462 908 :
1486 856 1521 909 et
1537 844 1625 909 fiant

407 944 526 997 octaue
541 953 618 995 cum
635 932 795 1015 regimine
811 931 910 994 chori.

452 1053 486 1122 (Ι
510 1044 668 1119 sabbato,
699 1045 741 1106 de
771 1045 911 1107 seruicio
941 1055 1145 1120 octauarum,
1177 1054 1211 1107 et
1241 1046 1402 1108 memoria
1428 1047 1471 1108 de
1501 1055 1624 1108 sancta

407 1135 522 1196 Maria.

585 1251 619 1320 (Ι
642 1243 822 1306 Dominica
838 1243 922 1305 inira
937 1253 1085 1321 octauas,
1100 1244 1143 1307 de
1163 1244 1302 1307 seruicio
1326 1253 1530 1306 octauarum.
1580 1245 1621 1307 In

409 1292 524 1364 Jan.8.]
587 1330 742 1394 laudibus
757 1351 822 1392 vna
838 1330 1032 1413 antiphona
1071 1331 1128 1393 Ad
1145 1333 1269 1413 primas
1284 1351 1438 1413 vesperas
1457 1333 1623 1394 memoria

407 1418 449 1480 de
466 1419 678 1499 martyribus¹
696 1427 728 1480 et
745 1419 788 1480 de
803 1428 920 1480 sancta
936 1417 1052 1481 Maria.
1098 1418 1259 1482 Similiter
1274 1418 1316 1480 ad
1339 1419 1530 1481 matutinas.

450 1536 484 1605 (Ι
508 1531 605 1593 Feria
621 1530 659 1592 .ii.
675 1530 727 1592 iii.
743 1530 807 1593 iiii.
823 1538 857 1592 et
873 1551 919 1606 .v.‚
940 1531 983 1592 de
1004 1530 1142 1593 seruicio
1166 1540 1370 1607 octauarum‚
1396 1539 1429 1593 et
1454 1531 1620 1592 memoria

405 1617 447 1679 de
462 1627 578 1679 sancta
595 1617 711 1679 Maria.
1375 1630 1382 1639 ⁴

449 1735 483 1804 (Ι
507 1730 604 1792 Feria
618 1729 668 1792 .vi.
685 1730 727 1791 de
743 1737 871 1803 octaua,
889 1729 1124 1791 Inuitatorium
1141 1729 1272 1812 triplex.
1319 1729 1432 1792 Medie
1455 1729 1619 1792 lectiones

406 1817 449 1880 de
465 1825 581 1879 sancto
593 1816 745 1898 Hylari0,
755 1836 829 1878 cum
845 1816 1078 1898 Responsoriis
1088 1816 1130 1878 de
1140 1819 1248 1898 primo
1260 1828 1430 1879 nocturno.
1466 1816 1619 1899 Vespere

406 1913 504 1966 erunt
519 1905 561 1967 de
584 1913 713 1979 octaua,
729 1912 764 1965 et
790 1905 952 1965 memoria
976 1903 1018 1964 de
1043 1914 1159 1966 sancta
1180 1904 1307 1966 Maria:
1330 1904 1515 1985 antiphona
1545 1903 1619 1967 Sub

408 2002 499 2052 ruam
522 2039 530 2054 .
552 1990 732 2053 versiculus
750 1988 874 2053 Sancta
889 1989 956 2051 Dei
963 1989 1119 2071 genitrix.
1175 1989 1294 2054 Oratio
1310 1990 1401 2053 Deus
1416 1991 1473 2071 qui
1485 1991 1610 2054 salutt's

405 2090 466 2140 etc.

449 2195 482 2265 (Ι
506 2188 667 2267 sabbato,
682 2191 724 2253 de
739 2199 855 2252 sancta
872 2188 987 2251 Maria.

814 2422 823 2455 ¹
840 2423 866 2474 S.
883 2424 995 2474 Luciano
1005 2425 1127 2491 sociisque
1139 2425 1198 2475 eius.
