3834 5734
637 735 663 782 Τ
658 734 814 785 ERCIUM
836 735 863 784 C.
898 735 965 784 xvii.
984 735 1033 784 xr'r'.
1053 735 1091 784 ix.
1110 735 1146 784 vi.
1161 735 1179 784 ι’.
1466 745 1512 794 217

348 892 381 962 (Ι
404 885 577 960 ¹Sabbato‚
593 888 635 949 de
651 896 767 950 sancta
784 887 912 951 Maria¹

349 998 474 1073 (IVbi
510 998 593 1062 fiunt
629 1008 695 1061 tres
731 1000 1074 1076 commemorationes,
1104 999 1142 1062 In
1170 1000 1218 1063 .vi.
1246 999 1326 1062 seria
1358 997 1416 1061 fiat
1447 1019 1514 1060 vna

306 1086 589 1149 commemoratio.

483 1202 517 1271 (Ι
541 1197 720 1260 Dominiea
742 1198 802 1274 iii,
829 1208 901 1260 tota
931 1208 1083 1261 cantetur
1104 1198 1248 1262 historia
1297 1198 1335 1260 In
1359 1197 1514 1260 laudibus

485 1304 601 1347 omnes
617 1285 800 1366 antiphone
816 1285 992 1348 dicuntur.²

307 1479 318 1542 l
350 1395 505 1494 (lFeria
531 1397 570 1459 ,it
598 1397 639 1459 de
666 1407 783 1460 sancta
819 1397 964 1478 Brigida,
994 1396 1227 1461 Inuitatorium
1266 1396 1422 1479 simplex,
1447 1405 1514 1459 tres

320 1493 474 1545 ectrones.

351 1598 384 1668 (Ι
409 1595 505 1656 Feria
521 1595 571 1657 ¹iii.
590 1596 726 1658 Festum
746 1593 986 1659 Purificationis
1002 1596 1100 1658 beate
1125 1596 1239 1668 Marie,
1257 1596 1363 1659 maius
1378 1594 1513 1676 duplex.

310 1678 366 1741 Ad
391 1681 554 1743 secundas
577 1703 731 1764 vesperas
758 1703 818 1764 pro
841 1683 969 1764 hymno
992 1683 1122 1746 dicatur
1144 1682 1362 1746 Letabundus.
1409 1682 1514 1744 Nihil³

307 1767 351 1829 de
366 1778 484 1830 sancto
501 1768 620 1832 Blasio,

307 1244 439 1316 tan-31]

353 1880 506 1953 (IFeria
532 1881 596 1944 iiii.
624 1883 665 1943 de
700 1890 816 1944 sancto
854 1881 980 1957 Blasio,
1010 1881 1242 1945 Inuitatorium
1281 1879 1416 1962 duplex,
1450 1890 1516 1943 tres
1561 1928 1566 1937 .

310 1964 477 2030 lectiones,
523 1966 716 2049 Capitulum
735 1967 852 2031 Omnis
860 1969 1015 2050 pontifex.

353 2082 386 2152 (Ι
410 2078 507 2140 Feria
522 2101 558 2142 .v.
575 2080 617 2141 de
634 2079 719 2142 sesto
735 2080 806 2143 loci.

312 2191 508 2359 Caneria
533 2192 583 2254 .vi.
610 2190 652 2255 de
690 2203 805 2255 sancta
840 2191 987 2274 Agatha,
1015 2193 1059 2257 ix.
1086 2191 1254 2256 lectiones.
1322 2191 1515 2274 Capitulum

339 2298 377 2339 on
404 2288 495 2341 teor.

353 2394 386 2464 (Ι
410 2389 568 2465 Sabbato,
585 2391 627 2453 de
650 2403 766 2454 sancta
791 2392 917 2455 Maria:
939 2400 973 2454 et
999 2392 1159 2455 memoria
1183 2392 1226 2455 de
1252 2390 1518 2455 consessoribus.⁴

311 2474 358 2622 hp
380 2477 494 2646 ῐηιίεὲεἰι,Ι
516 2477 554 2538 K
545 2478 620 2556 yria
646 2477 881 2559 Omnipotens.
908 2479 1064 2559 Spiritus,
1091 2489 1122 2542 et
1151 2480 1243 2554 altine,
1269 2488 1303 2541 et
1327 2477 1518 2540 Benedictus

339 2576 426 2625 ‘arte
478 2585 537 2627 tus.

354 2680 387 2750 (Ι
410 2674 580 2775 Vbi-fiunt
600 2685 667 2740 tres
691 2678 1034 2754 commemorationes,
1052 2678 1084 2740 in
1100 2677 1139 2742 .ii.
1157 2676 1237 2740 leria
1260 2675 1318 2740 fiat
1340 2696 1406 2739 vna
1428 2695 1518 2738 com-

312 2775 518 2825 memoratio.

313 2879 381 2934 Feb.
396 2877 432 2949 7.]
489 2882 522 2952 (Ι
546 2875 724 2938 Dominica
740 2876 772 2937 in
791 2875 1055 2958 Septuagcsima,
1073 2886 1145 2939 tota
1161 2885 1314 2938 cantetur
1329 2874 1473 2938 historia.

356 2994 389 3064 (Ι
413 2989 510 3051 Feria
525 2989 564 3051 ‚it
581 2989 623 3051 de
639 2987 727 3051 seria.
775 2989 999 3070 Responsoria
1015 2989 1057 3050 de
1073 2987 1210 3051 historia
1225 2987 1425 3061 dominicali,
1442 3005 1518 3049 cum

313 3077 414 3138 missa
432 3075 533 3138 Salus
540 3075 660 3156 populi.

357 3193 390 3263 (Ι
414 3188 510 3250 Feria
526 3188 576 3250 iii.
593 3189 635 3250 de
652 3186 737 3249 sesto
754 3187 824 3249 loci.

357 3305 390 3375 (Ι
414 3301 511 3362 Feria
526 3300 589 3362 ,iiii
605 3300 647 3361 de
663 3302 779 3361 sancta
796 3297 987 3375 Scolastica,
1003 3319 1078 3361 cum
1095 3307 1265 3361 nocturno.

357 3418 389 3487 (Ι
414 3413 511 3474 Feria
526 3432 562 3475 .v.
580 3412 621 3473 dc
638 3410 727 3486 seria,
743 3432 818 3473 cum
836 3413 937 3473 missa
953 3421 1070 3494 quarte
1087 3410 1172 3473 serie.

356 3530 388 3599 (Ι
413 3525 521 3586 Feria⁵
537 3524 584 3586 .vi.
601 3523 643 3586 de
659 3522 759 3586 seria:
782 3533 816 3586 et
834 3524 1058 3605 Responsoria
1076 3521 1199 3585 ferialia
1215 3521 1391 3586 dicuntur.²

358 3643 390 3712 (Ι
415 3637 574 3712 Sabbat0,
589 3637 632 3698 de
648 3648 764 3699 sancta
782 3635 897 3698 Maria.

358 3755 390 3824 (Ι
414 3749 482 3811 Vbi
498 3746 582 3810 fiunt
606 3758 671 3810 tres
694 3747 1037 3821 commemorationes,
1055 3746 1086 3809 in
1103 3745 1142 3809 ji.
1160 3745 1239 3809 leria
1264 3743 1321 3808 fiat
1343 3765 1409 3808 vna
1432 3764 1521 3807 com-

315 3836 520 3898 memoratio.

491 3952 525 4021 (Ι
550 3945 727 4008 Dominica
753 3946 786 4007 in
814 3946 868 4009 lx.
896 3955 967 4008 tota
995 3954 1148 4008 cantetur
1172 3943 1337 4008 historia.
1362 3943 1522 4006 memoria

494 4031 551 4095 fiat
567 4035 609 4096 de
625 4044 741 4095 sancto
756 4032 946 4095 Valentino

360 4151 392 4220 (Ι
419 4146 515 4207 Feria
530 4146 569 4208 ii.
586 4148 628 4208 de
645 4145 733 4208 seria.
781 4145 885 4207 Missa
903 4145 1005 4208 Salus
1014 4144 1132 4226 populi.

360 4263 393 4333 (Ι
419 4258 514 4319 Feria
530 4258 580 4320 ‚iii
597 4259 639 4320 de
655 4265 772 4320 sancta
789 4256 926 4330 Iuliana,
942 4276 1019 4318 cum
1037 4264 1207 4319 nocturno

360 4376 392 4445 (Ι
418 4370 513 4431 Feria
528 4369 590 4432 iiii.
607 4368 649 4431 de
666 4368 753 4432 seria
799 4368 953 4450 Epistola
968 4379 1001 4432 et
1017 4367 1228 4449 euangelium
1245 4365 1394 4429 eiusdem
1411 4365 1498 4429 ferie.

317 3997 384 4052 Feb.
402 3994 454 4066 14]

353 4647 402 4681 ¹-¹
419 4664 465 4697 orte.
480 4647 522 4708 87,
535 4646 575 4696 88.
970 4643 981 4674 ²
998 4644 1128 4695 dicantur:
1146 4642 1185 4693 88.

348 4713 361 4740 ³
377 4721 403 4763 et
413 4714 490 4777 before
502 4713 583 4763 nihil:
601 4711 642 4773 87,
655 4710 695 4762 88.
970 4709 981 4739 ⁴
998 4710 1044 4760 SS.
1058 4710 1170 4760 Vedasto
1181 4719 1206 4759 et
1217 4708 1344 4758 Amando.

348 4776 360 4806 ³
376 4787 402 4827 et
414 4779 492 4843 infor
502 4779 580 4828 seria:
597 4789 639 4839 97,
650 4790 691 4826 οι.
