3834 5734
661 710 846 772 QUINTUM
862 710 897 758 D.
932 711 989 757 xix.
1002 708 1040 758 xi.
1054 709 1112 759 viii.
1127 709 1167 758 iii.
1181 709 1252 758 xiiii.
1515 720 1560 772 321

401 871 435 941 (Ι
459 865 556 928 Feria
571 863 609 928 .ii.
625 863 669 926 de
685 863 785 926 seria¹
831 863 1057 946 Responsoria
1070 861 1204 942 ngnus
1214 883 1254 927 es.
1299 861 1405 926 Missa
1420 859 1564 923 domini·

351 952 446 1016 calis.

352 1161 364 1223 l
401 1078 435 1148 (Ι
459 1073 555 1136 Feria
584 1072 635 1136 .iii.
679 1071 722 1134 de
765 1068 988 1152 martyribus?
1039 1068 1272 1132 Inuitatorium
1307 1067 1457 1151 duplex:
1494 1077 1560 1130 tres

368 1162 528 1223 ectiones.

400 1287 436 1357 (Ι
459 1279 556 1343 Feria
571 1279 635 1342 iiii.
650 1277 693 1340 de
709 1276 798 1340 seria.
844 1276 1070 1358 Responsoria
1092 1275 1232 1340 Locutus
1252 1285 1306 1340 est.
1352 1275 1507 1360 Epistola
1528 1284 1563 1338 et

352 1368 570 1450 euangelium
587 1365 736 1429 eiusdem
753 1362 840 1426 serie.

400 1495 436 1565 (Ι
459 1488 556 1551 Feria
570 1509 608 1550 .v.
621 1488 665 1550 de
680 1485 765 1548 festo
780 1482 852 1548 loci.

401 1614 435 1684 (Ι
459 1608 554 1670 Feria
571 1606 621 1671 .vi.
636 1605 679 1670 de
694 1605 784 1669 seria.
831 1605 1058 1688 Responsoria
1083 1604 1162 1670 Vidi
1167 1614 1309 1686 portam.

400 1736 434 1805 (Ι
458 1729 617 1804 Sabbat0,
632 1726 675 1790 de
690 1738 807 1792 sancta
823 1727 939 1791 Maria.

400 1856 435 1926 (Ι
457 1849 526 1912 Vbi
550 1847 635 1911 fiunt
661 1858 727 1911 tres
761 1847 1108 1924 commemorationes,
1136 1847 1175 1910 ln
1207 1846 1274 1910 .iii.³
1298 1846 1379 1910 feria
1409 1844 1466 1910 fiat
1496 1866 1562 1909 vna

352 1937 654 2001 commemoratio.⁴

533 2061 567 2131 (Ι
591 2054 770 2118 Dominica
784 2056 847 2119 .iiii.
864 2063 941 2137 post
958 2054 1093 2130 Pascha,
1109 2062 1217 2118 totum
1241 2054 1284 2117 de
1299 2053 1473 2117 dominica
1522 2054 1561 2115 ln

354 2107 419 2161 Mai
435 2104 487 2177 ¹⁷¹]
535 2143 688 2206 laudibus
704 2163 770 2206 vna
785 2142 978 2224 antiPh⁰¹¹a·

399 2263 555 2412 l(Ilieria
571 2264 609 2327 .ii.
626 2264 669 2325 de
685 2261 773 2326 feria.
820 2262 1058 2344 Responsoria⁵
1085 2261 1248 2325 Narrabo.
1299 2261 1404 2324 Missa
1419 2261 1560 2325 domini-

354 2371 398 2412 ca
412 2372 446 2413 rs

400 2476 434 2545 (Ι
459 2470 555 2532 Feria
570 2469 621 2533 .iii.
637 2469 680 2531 de
695 2477 813 2532 sancto
829 2469 1017 2545 Dunstano‚
1033 2477 1067 2531 et
1084 2467 1244 2532 memoria
1259 2467 1302 2530 de
1317 2467 1466 2549 virginal

400 2597 434 2666 (Ι
458 2591 554 2654 Feria
584 2591 646 2654 .iiii.
677 2591 720 2654 de
750 2589 839 2654 seria.
894 2589 1120 2672 Responsoria
1150 2589 1193 2651 de
1230 2588 1273 2652 iii.
1311 2588 1400 2666 seria,
1437 2588 1561 2651 scilicet

355 2678 538 2758 Hymnmn.
585 2677 740 2760 Epistola
755 2687 789 2740 et
805 2677 1017 2758 euangelium
1033 2676 1182 2739 eiusdem
1198 2674 1286 2739 serie.

400 2804 434 2874 (Ι
458 2800 554 2862 Feria
570 2821 607 2861 .v.
623 2799 666 2861 de
681 2798 767 2861 sesto
784 2798 855 2861 loci.

399 2924 433 2994 (Ι
457 2919 552 2981 Feria
567 2919 617 2982 .vi.
633 2919 675 2982 de
691 2917 780 2981 seria.
826 2917 1051 2999 Responsoria
1067 2915 1181 2979 Deduc
1189 2936 1245 2978 me.

399 3043 433 3113 (Ι
457 3037 615 3114 sabbato,
632 3039 675 3100 de
690 3046 807 3100 sancta
824 3037 940 3100 Maria.

399 3163 433 3233 (Ι
455 3158 523 3221 Vbi
540 3157 624 3221 fiunt
640 3167 705 3221 tres
721 3157 1065 3235 commemorationes,
1080 3157 1113 3220 in
1137 3157 1186 3221 .vi.
1203 3155 1283 3219 seria
1306 3155 1364 3219 fiat
1386 3175 1452 3218 vna
1475 3175 1560 3218 corn-

355 3245 563 3309 memoratio

530 3372 564 3442 (Ι
587 3365 765 3428 Dominica
794 3388 842 3443 .v.,
871 3374 980 3429 totum
1011 3366 1054 3428 de
1091 3363 1267 3428 dominica.
1329 3364 1367 3426 ln
1406 3362 1559 3426 laudibus

355 3417 417 3469 M²²¹
432 3412 486 3485 ²⁴¹]
533 3473 649 3516 omnes
665 3453 847 3535 antiphone
862 3453 1028 3515 dicuntur.

399 3576 433 3646 (Ι
456 3571 553 3634 Feria
568 3573 608 3634 .ii.
627 3573 848 3654 rogationum,
864 3573 907 3636 de
933 3582 1049 3636 sancto
1077 3570 1246 3647 Aldelmo,
1270 3580 1303 3633 et
1329 3571 1488 3634 memoria
1514 3570 1557 3633 de

353 3666 473 3721 sancto
489 3659 649 3722 Vrbano:
665 3659 753 3722 etde
770 3659 900 3736 ieiuni0,
909 3679 985 3722 curn
999 3659 1161 3722 versiculo
1172 3659 1327 3722 Surrexit
1341 3658 1505 3721 Dominus
1518 3656 1558 3719 de

350 3745 517 3824 sepulcro:
542 3747 702 3809 memoria
717 3746 759 3809 de
775 3746 1013 3809 resurrectione
1028 3746 1071 3809 ad
1088 3746 1269 3808 matutinas
1284 3755 1318 3809 et
1340 3748 1383 3808 ad
1401 3746 1535 3807 missam
1549 3765 1556 3820 3

350 3833 413 3893 sed
440 3851 506 3894 non
531 3833 573 3896 de
598 3833 728 3906 ieiuni0,
759 3834 822 3895 nisi
853 3835 895 3896 ad
924 3834 1106 3896 matutinas
1130 3842 1270 3895 tantum.
1315 3832 1372 3895 Ad
1393 3851 1557 3914 vesperas,

353 3920 516 3980 memoria
546 3921 588 3982 de
617 3929 733 3982 sancto
765 3919 932 3996 Aldelmo,
956 3921 1142 4001 antiphona
1166 3919 1242 3981 Lux
1262 3930 1418 4002 perpetua
1443 3919 1557 3994 maior,

351 4006 533 4068 versiculus
551 4006 702 4069 Gaudete.

397 4131 431 4201 (Ι
456 4127 553 4189 Feria
567 4128 628 4203 .iii,
643 4127 686 4189 de
702 4136 818 4190 sancto
834 4126 1036 4210 Augustino
1055 4127 1195 4192 lnferius
1211 4127 1348 4210 duplex.

397 4253 431 4322 (Ι
456 4247 552 4396 lierip
574 4247 636 4396 'fill'
656 4247 699 4310 de
721 4247 855 4329 vigilia.⁷
900 4249 1127 4330 Responsoria
1150 4249 1193 4312 de
1216 4249 1245 4312 ii.
1269 4248 1349 4311 seria
1371 4270 1446 4313 cum
1473 4252 1556 4314 Res·

352 4355 510 4418 ponsorro
539 4355 605 4397 erra
620 4355 637 4397 1.

387 4573 394 4604 ¹
413 4575 532 4650 deletio:
550 4591 596 4624 om.
610 4575 651 4636 87,
667 4574 706 4625 88.
1002 4573 1014 4604 ‘²
1030 4575 1075 4626 SS.
1097 4577 1188 4636 Nereo,
1201 4576 1316 4626 Achilleo
1326 4586 1401 4643 atque
1414 4577 1551 4627 Pancralin

385 4705 396 4734 ⁴
413 4640 686 4770 liruddhlelpddiolla
697 4707 729 4756 de
740 4706 782 4756 iiii.
797 4705 857 4756 seria
870 4706 1094 4770 pretermittantur:
1111 4709 1166 4756 add.
1181 4705 1222 4767 87,
1236 4705 1284 4767 88;
1301 4709 1369 4766 (tunc
1380 4709 1449 4767 oon),
1460 4720 1501 4769 97,
1511 4722 1551 4758 01.

385 4770 396 4798 ⁵
414 4771 624 4834 Responsorium:
642 4770 682 4820 88.
880 4769 891 4800 ⁶
908 4771 934 4821 S.
950 4772 1107 4822 Potenciana.
1292 4771 1485 4823 ⁷Ascensionis.

443 4850 525 4900 PICA
548 4850 684 4901 SARUM.
1443 4854 1467 4902 ll
