3834 5734
351 739 383 791 34
675 720 949 773 DIRECTORIUM
968 719 1235 772 SACERDOTUM.

353 881 424 943 bus.
478 876 646 957 Deinceps
674 894 740 937 non
767 874 922 937 dicuntur
947 872 1092 956 exequie
1122 872 1318 956 quotidiane
1348 883 1514 936 mortuomm

354 985 458 1049 vsque
474 973 550 1046 post
565 962 657 1025 Deus
670 960 824 1024 ontnriem.

531 1089 565 1159 {I
589 1080 686 1146 Feria
710 1081 761 1145 ,vi
792 1082 1000 1145 Parasceues.
1061 1079 1098 1146 Si
1134 1101 1255 1163 corpus
1289 1102 1419 1164 presens
1443 1082 1519 1157 luerit,

532 1168 716 1320 lllmdfbet
730 1167 861 1250 sepeliri
883 1167 939 1230 illo
961 1167 1016 1231 die
1038 1169 1222 1231 secundum
1237 1168 1410 1231 Rationale
1428 1168 1519 1231 Dian·

358 1137 430 1191 Mar.
444 1131 500 1204 24]

356 1223 452 1294 (Good
463 1221 531 1288 Fri.)

402 1386 436 1455 (Ι
461 1379 499 1441 ln
524 1375 637 1459 vigilia
664 1376 766 1438 Pasce
796 1374 946 1458 pulsetur
969 1375 1012 1438 ad
1040 1374 1297 1456 completorium
1322 1395 1396 1439 cum
1424 1375 1521 1438 duabus

359 1465 538 1548 campanis,
554 1465 633 1526 una'
648 1463 727 1525 vice.

535 1590 569 1659 (1
594 1584 632 1645 ln
654 1581 708 1644 die
730 1581 833 1645 Pasce
849 1602 908 1665 per
927 1581 1184 1659 hebdomadam,
1205 1590 1278 1645 tota
1296 1582 1339 1645 de
1362 1581 1524 1645 solennitate
1574 1552 1576 1565 Ι

365 1637 436 1690 Mar'
450 1632 506 1704 ²⁶¹
537 1669 671 1753 pascali.

425 1838 431 1850 .
537 1796 571 1866 (I
593 1788 784 1852 ³Dominica
799 1788 907 1870 prima
930 1797 1006 1870 post
1030 1787 1143 1863 Pasca‚
1168 1791 1246 1870 (que
1262 1789 1382 1852 dicitur
1396 1782 1527 1867 inalbis).⁸

362 1837 493 1910 Apum
538 1877 646 1939 minus
677 1874 805 1958 duplex
835 1884 943 1938 totum
975 1874 1045 1938 liat⁴
1068 1875 1110 1937 de
1140 1875 1318 1953 dominica,
1348 1875 1490 1938 memoria
1505 1881 1528 1934 et

365 1961 464 2025 missa
480 1963 523 2026 de
538 1962 783 2026 resurrectione.

407 2090 441 2159 (Ι
466 2084 540 2147 Hac
566 2084 619 2146 die
644 2083 686 2145 ad
711 2083 855 2158 missam,
870 2091 904 2145 et
930 2082 974 2144 ad
997 2081 1205 2145 'memoriam
1229 2084 1271 2146 de
1296 2081 1528 2151 resurrectione:

364 2189 430 2233 non
448 2170 568 2234 dicitur
582 2171 674 2234 Dens
687 2170 748 2251 qai
758 2169 914 2232 hodierna
928 2168 988 2243 die,
1004 2169 1062 2232 sed
1079 2169 1170 2231 Deus
1190 2170 1251 2250 qui
1261 2182 1327 2251 per
1339 2167 1528 2252 anigenitunl

367 2257 422 2319 Ad
440 2259 563 2339 primas
585 2276 740 2339 vesperas
759 2255 830 2319 fiat⁸
847 2257 1013 2338 processio
1028 2256 1099 2318 sine
1114 2276 1218 2332 cruce,
1234 2257 1411 2320 versiculus
1425 2252 1530 2320 Daant'

365 2365 451 2405 num
473 2345 593 2408 dicitur
618 2346 651 2407 in
682 2343 842 2425 superiori
865 2342 979 2427 gradu.
1025 2342 1082 2404 Ad
1109 2346 1272 2407 secundas
1296 2365 1445 2422 vesperas
1469 2338 1529 2404 fiat¹⁰

367 2432 550 2495 ¹¹memoria
566 2432 609 2494 de
623 2432 765 2494 sancto¹l
782 2429 959 2506 Richardo‚
976 2440 1010 2493 et
1026 2429 1067 2492 de
1091 2430 1363 2495 resurrectione.¹'

409 2557 443 2626 (I
466 2552 562 2616 Feria
588 2552 627 2614 .ii.
652 2552 694 2614 de
718 2559 834 2613 sancto
860 2549 1005 2612 Ricardo
1033 2549 1180 2632 psalmus
1211 2552 1334 2614 Beatus
1361 2553 1423 2627 vir,
1451 2549 1533 2628 Quen

357 2638 578 2716 fremuerant,
593 2638 733 2700 Domine
756 2637 842 2718 qaid
861 2637 892 2698 iii
918 2636 1076 2699 lectiones
1095 2637 1137 2700 de
1152 2639 1350 2701 communi¹⁸
1374 2636 1532 2701 Dominicas

367 2726 494 2787 sermo¹⁴
510 2746 584 2789 cum
602 2726 762 2808 regimine
777 2724 867 2788 chori
884 2723 926 2806 [a.
942 2723 998 2806 vi]

410 2852 445 2922 ΙΙ
467 2844 659 2909 Omnibus¹⁶
683 2844 773 2907 festis
798 2864 874 2907 cum
901 2844 1061 2924 regimine
1084 2843 1183 2920 chori,
1211 2864 1317 2926 vsque
1346 2845 1388 2907 ad
1419 2842 1534 2926 vigiliam

370 2933 585 2996 Ascensionis
602 2932 768 3007 inclusive,
784 2932 826 2994 de
842 2951 1043 3013 quocunque
1059 2930 1118 2993 fiat
1133 2931 1318 3007 seruicium,
1342 2930 1401 2995 fiat
1422 2926 1537 2994 solennis

371 3020 529 3082 memoria
544 3021 587 3082 de
603 3021 850 3095 resurrectione,
866 3019 928 3080 nisi
942 3018 974 3079 in
992 3018 1184 3081 inuentione
1200 3017 1326 3082 Sancte
1342 3020 1461 3083 Crucis.
1498 3011 1539 3078 Ad

369 3126 523 3188 vesperas
539 3106 581 3169 ad
598 3107 779 3169 matutinas
795 3114 827 3167 et
844 3105 885 3167 ad
903 3106 1038 3168 missam
1055 3115 1089 3168 et
1111 3108 1154 3169 ad
1177 3126 1332 3188 vesperas
1355 3106 1389 3168 in
1412 3102 1540 3169 sabbatis

371 3193 573 3276 Capitulum.
626 3193 707 3255 Ecce
750 3193 917 3270 sacerdos;
959 3202 994 3255 et
1041 3192 1200 3255 memoria
1245 3192 1287 3254 de
1326 3193 1545 3256 resurrectione.

373 3280 526 3344 Secunde
548 3300 684 3361 vespere
707 3289 803 3342 erunt
824 3280 866 3342 de
889 3290 1006 3341 sancto
1031 3279 1220 3343 Ambrosio,
1275 3279 1467 3362 Capitulum
1486 3277 1548 3340 Eat

372 3367 523 3443 sacerdos,
549 3377 583 3430 et
608 3367 753 3430 solennis
780 3368 941 3428 memoria
967 3367 1009 3427 de
1033 3376 1150 3430 sancto
1167 3367 1339 3430 Ricardo¹⁶
1353 3377 1388 3430 et
1411 3369 1453 3430 de
1466 3380 1553 3428 resur·

373 3454 525 3517 rectione.

416 3581 450 3650 (1
474 3574 569 3636 Feria
584 3573 635 3636 .iii.
651 3574 693 3636 de
709 3581 825 3635 sancto
840 3572 1030 3635 Ambrosio.
1047 3573 1181 3636 inferius
1196 3574 1324 3656 duplex
1337 3625 1344 3638 .
1356 3574 1474 3657 psalmi
1488 3571 1576 3638 curre

375 3663 563 3737 inuocarem,
603 3660 706 3723 Verbo
737 3680 815 3733 mea,
846 3659 988 3722 Domine
1012 3660 1177 3724 Dominus
1210 3671 1320 3723 noster
1356 3671 1390 3724 et
1428 3659 1576 3725 solenni&

375 3748 534 3811 memoria
545 3749 586 3811 de
598 3747 840 3809 resurrectione.
875 3746 930 3809 Ad
943 3748 1104 3810 secundas
1120 3768 1283 3831 vesperas,
1296 3748 1547 3831 Responsorium

375 3835 460 3898 Filio
469 3834 663 3919 sernesolem,
679 3844 712 3896 et
728 3831 897 3895 solennis¹¹
915 3835 1074 3896 memoria
1089 3836 1131 3898 de
1147 3837 1393 3899 resurrectione.

406 4111 418 4207 ζ
436 4112 568 4161 Rationale
579 4110 744 4158 Divinarum.
780 4109 821 4159 W.
837 4109 962 4170 Durandi,
974 4110 1015 4159 vii.
1031 4120 1072 4173 35,
1086 4123 1135 4174 313
1152 4111 1183 4162 cf.
1201 4112 1276 4161 Crede
1287 4113 1395 4173 Mr'clei5
1406 4111 1448 4174 82,
1461 4128 1485 4178 p.
1500 4123 1536 4175 51.

408 4175 649 4291 ’ξζῃῇοιῗιέἧίῗὲἰῃ
660 4248 750 4289 octaua
762 4239 857 4289 Pascbe
868 4255 915 4304 que
927 4240 1018 4290 dicitur
1030 4239 1056 4290 in
1068 4242 1132 4291 albis
1144 4241 1224 4306 prima
1235 4250 1293 4306 post
1305 4243 1420 4293 Pascha:
1437 4242 1479 4306 87,
1491 4241 1527 4291 88.

408 4308 418 4338 ⁴
435 4309 493 4357 fret:
512 4306 552 4368 87,
566 4305 604 4355 88.
884 4304 937 4341 ⁵—¹
953 4307 1098 4356 memoriam
1115 4306 1206 4356 dicitur
1216 4307 1249 4356 de
1260 4309 1439 4359 resurrectione
1449 4327 1455 4358 ι
1467 4308 1506 4369 87,
1519 4304 1554 4355 88
1564 4334 1576 4347 .

408 4373 418 4404 ⁷
438 4374 512 4422 Crede
524 4372 623 4421 Michr':
638 4383 680 4432 92,
694 4380 732 4433 54.
881 4369 892 4400 ¹
909 4371 967 4422 fieta
980 4372 1019 4422 88.

409 4438 420 4468 ¹
437 4438 576 4487 Dicuntur:
594 4447 635 4498 97,
647 4449 687 4485 01.
864 4434 884 4466 ¹⁰
900 4437 961 4487 fiet:
979 4438 1019 4497 87.

409 4501 480 4540 ¹¹··¹¹
498 4509 554 4551 meo
566 4511 652 4551 sanct:
669 4501 710 4552 08.
865 4500 886 4531 ¹¹
902 4502 1054 4551 solenniter:
1071 4503 1127 4552 add.
1142 4512 1183 4564 97,
1195 4516 1236 4554 01.

409 4567 430 4598 ¹³
445 4567 556 4617 scilicet:
574 4567 629 4615 oda'.
645 4566 685 4628 87,
699 4565 738 4618 88.
870 4565 890 4595 ¹¹
907 4567 982 4616 Brea.
996 4568 1074 4617 Son:
1091 4567 1117 4617 ii.
1131 4581 1187 4629 412.

408 4632 428 4664 ¹¹
445 4634 512 4682 Nota
524 4632 655 4682 omnibus:
672 4644 714 4695 97,
726 4645 765 4680 01.

407 4696 427 4796 ἒξ
443 4699 760 4824 {glrrarznrgrifggaperpctna
771 4696 865 4746 maior:
883 4698 938 4745 ariel.
950 4707 992 4759 97,
1004 4711 1044 4748 01.
1081 4698 1119 4750 cf.
1134 4699 1209 4748 Brea.
1225 4701 1282 4751 Sar.
1297 4700 1322 4751 ii.
1337 4699 1392 4765 358.
