3834 5734
692 713 854 764 PRIMUM
874 713 901 762 C.
936 713 989 762 xvi.
1002 711 1063 761 xiii.
1076 729 1102 762 x.
1116 729 1140 762 v.
1155 712 1183 761 r'r'.
1501 726 1546 777 193

380 874 414 943 (Ι
439 867 536 930 Feria
552 867 602 930 iii.
618 866 661 928 ad
677 887 833 948 vesperas
848 877 882 928 et
905 866 1087 929 matutinas
1110 864 1208 929 beate
1223 864 1369 947 virginis
1385 867 1546 930 memoria

336 956 380 1018 de
395 963 511 1017 sancta
528 954 665 1016 Iuliana.

513 1072 547 1141 (Ι
570 1066 749 1128 Dominica
772 1066 811 1129 .ii.
839 1065 1104 1147 quadragesime,
1129 1073 1200 1128 tota
1221 1073 1374 1128 cantetur
1398 1064 1544 1129 historia.

337 1118 405 1171 Feb·
419 1113 475 1186 ²¹']
513 1153 661 1234 Vespere
688 1162 784 1215 erunt
807 1153 849 1215 de
864 1160 981 1214 sancto
999 1152 1117 1227 Petro,l
1134 1159 1168 1214 et
1180 1152 1339 1214 memoria
1355 1152 1397 1214 de
1412 1153 1545 1215 domin·

336 1260 394 1302 rca.

379 1357 411 1426 (Ι
436 1352 534 1414 Feria
549 1352 588 1415 ,ii
604 1351 647 1415 de
662 1360 778 1414 sancto
795 1352 902 1427 Petro,
921 1350 1154 1413 Inuitatorium
1178 1349 1311 1433 triplex,
1326 1359 1360 1414 et
1383 1352 1544 1414 memoria

336 1439 378 1501 de
395 1439 526 1502 ieiunio.
639 1502 642 1506 .

378 1556 411 1626 (Ι
436 1551 534 1613 Feria
548 1551 599 1614 iii.
622 1551 665 1613 de
688 1550 831 1613 ieiunio:
855 1548 1034 1613 versiculus
1060 1559 1094 1613 et
1119 1549 1345 1633 Responsoria
1368 1550 1411 1612 de
1435 1550 1545 1633 primo

336 1651 505 1700 nocturno.

378 1756 411 1826 (Ι
436 1750 533 1812 Feria
548 1749 611 1814 iiii.
634 1751 677 1813 de
700 1759 816 1812 sancto
840 1749 980 1825 Mathia,
1009 1748 1149 1812 Inferius
1174 1748 1311 1831 duplex,
1337 1757 1371 1812 et
1397 1747 1544 1813 solennis

335 1837 496 1899 memoria
512 1838 554 1899 de
571 1837 700 1900 ieiunio,

379 1954 411 2023 (Ι
436 1949 534 2011 Feria
548 1970 585 2012 .v.
601 1950 660 2025 .vi.,
682 1958 716 2011 et
738 1947 889 2024 sabbato,
912 1948 955 2010 de
980 1947 1109 2018 ieiunio,
1125 1968 1200 2011 cum
1224 1947 1392 2012 versiculis
1415 1959 1450 2013 et
1478 1950 1543 2013 Re-

336 2036 518 2116 sponsoriis
533 2036 669 2098 historie
684 2034 913 2098 dominicalis:
946 2046 981 2098 et
1007 2035 1040 2097 in
1068 2035 1116 2098 .vi.
1144 2034 1225 2098 seria
1254 2036 1374 2099 dicitur
1398 2037 1542 2119 primum

339 2123 600 2204 Responsorium
632 2122 752 2197 feriale,
782 2132 817 2185 et
845 2121 935 2185 aliud
966 2123 999 2184 in
1030 2121 1181 2199 sabbato,
1210 2142 1285 2185 cum
1318 2123 1544 2206 Responsorio

337 2209 448 2284 Pater,
455 2211 594 2290 peccaui.

382 2327 414 2397 (Ι
440 2322 478 2384 ln
495 2342 585 2382 anno
597 2321 744 2384 bisextili
758 2319 816 2384 fiat
828 2322 1002 2383 seruicium
1019 2322 1062 2384 de
1077 2331 1193 2384 sancto
1210 2321 1341 2385 Mathia
1356 2322 1390 2385 in
1405 2345 1442 2386 .v.
1456 2322 1544 2387 seria

382 2434 485 2508 (ΙΕτ
515 2434 559 2496 ab
589 2434 666 2495 hinc
695 2454 798 2515 rsque
834 2436 877 2497 ad
909 2435 1050 2515 primam
1088 2433 1289 2496 dominicam
1320 2444 1396 2516 post
1426 2437 1545 2517 quinto

339 2521 500 2584 kalendas
515 2521 672 2602 Augusti,
687 2522 869 2603 accipiatur
891 2522 1034 2602 primum
1057 2519 1096 2596 B,
1120 2541 1181 2601 pro
1201 2521 1311 2585 littera
1332 2522 1546 2600 dominicali;

339 2618 373 2670 et
389 2608 561 2670 inchoetur
575 2609 618 2669 ad
635 2609 687 2670 iii.
701 2609 903 2670 dominicam
919 2607 1183 2690 quadragesime,

341 2725 407 2777 Feb.
422 2724 478 2793 28.]
513 2726 548 2795 ε
572 2720 751 2782 Dominica
765 2721 816 2782 ‚iii
832 2719 1098 2802 quadragesime,
1113 2730 1186 2783 tota
1201 2719 1368 2784 cantetur'
1382 2720 1529 2785 historia

382 2841 415 2909 Q
439 2835 536 2896 feria
549 2834 590 2895 ‚it
606 2834 649 2895 de
664 2843 780 2895 sancto
796 2832 918 2907 Dauid,
933 2833 979 2894 ix.
995 2830 1160 2895 lectiones.

382 2953 415 3023 [
439 2948 535 3009 Feria
549 2947 601 3007 iii.
617 2947 660 3007 de
675 2956 792 3006 sancto
806 2944 932 3016 Cedda,
948 2946 993 3007 ix,
1006 2944 1184 3007 lectiones.z

338 3146 487 3295 gersiculi
503 3158 537 3207 et
562 3145 788 3227 Responsoria
813 3143 950 3206 historie
971 3142 1180 3208 dominicalis
1202 3164 1263 3226 per
1281 3144 1545 3208 hebdomadam⁴

364 3235 499 3296 icuntur.

381 3352 413 3422 (ζ
438 3347 534 3408 Feria
548 3346 599 3407 ‚ri
614 3343 733 3405 dicitur
747 3343 890 3424 primum
912 3343 1174 3426 Responsorium
1196 3341 1318 3418 feriale,
1333 3353 1368 3407 et
1388 3344 1455 3406 alia
1476 3345 1546 3407 duo

339 3435 371 3495 in
388 3436 537 3495 sabbato.

512 3542 1194 3624 ‘md
1291 3630 1544 3693 m,

338 3718 434 3779 beate
452 3682 566 3779 ,llarie
763 3650 784 3710 g
1163 3649 1260 3711 pem

380 3834 413 3904 [
439 3829 535 3891 Feria
555 3830 597 3890 ‚ii
622 3828 674 3890 iii
696 3828 759 3890 ,iiii
782 3849 819 3890 .v.
841 3840 876 3890 et
902 3826 1052 3900 sabbato,
1076 3827 1120 3888 dc
1146 3828 1276 3890 ieiunio.
1322 3825 1486 3890 versiculi
1510 3839 1546 3892 et

340 3916 563 3997 Responsoria
585 3915 767 3977 secundum
791 3917 942 3978 ordinem
970 3928 1208 3977 nocturnorum
1233 3915 1396 3978 dicunnrr.
1441 3915 1487 3979 Et
1510 3916 1544 3977 in

338 4005 399 4064 iiii.
415 4004 496 4064 feria
511 4005 632 4065 dicitur
649 4003 909 4084 Responsorium
927 4001 1047 4064 feriale.

338 4121 413 4263 E(
438 4117 598 4264 Feradpi
613 4116 657 4176 de
679 4127 796 4176 sancto
818 4114 990 4195 Gregorio,
1007 4113 1148 4176 lnlerius
1168 4112 1306 4196 duplex
1349 4112 1543 4198 Capimlum

369 4225 417 4263 ίίί
436 4224 528 4264 ma?
565 4225 590 4265 Ι.

341 4322 440 4374 Μυώ
456 4318 508 4390 rcj
528 4323 562 4392 (
587 4315 767 4378 [lominica
781 4315 814 4375 in
829 4314 988 4376 Passirme
999 4313 1146 4387 Domini,
1156 4322 1391 4377 totaeantctur
1398 4312 1544 4378 historia.

372 4507 378 4536 ²
397 4509 522 4557 (Σωέτ
535 4509 560 4556 Ξ.
576 4508 651 4555 ἴστ’.

372 4576 381 4601 ²
399 4576 510 4622 datm:
531 4574 568 4631 ἐς.
584 4574 622 4620 ⁵12.
659 4572 690 4620 de
703 4572 799 4620 κτὼ.
812 4570 973 4620 dmhxzifi:
991 4570 1066 4619 hm.

373 4639 381 4665 ²
400 4641 428 4687 ‘je
442 4656 563 4687 caut.
579 4652 713 4686 martum.
727 4638 812 4685 'aa-‘m
825 4655 833 4684 ς
847 4638 901 4683 add.
914 4649 956 4696 ξς,
968 4649 1010 4684 51.

372 4706 382 4731 ⁶
400 4722 508 4752 ’,ε-η
524 4718 559 4750 ἰ’
571 4703 774 4751 neaman:
793 4701 833 4762 by,
847 4703 885 4749 δὲ.
1093 4698 1105 4729 ‘
1119 4713 1146 4751 fi
1157 4701 1233 4763 idm
1243 4702 1324 4751 dol:
1339 4700 1381 4762 87,
1392 4700 1432 4751 §a

372 4767 380 4795 ‘
399 4771 443 4819 ἐξ.
460 4771 504 4817 ἶνι·
509 4786 580 4820 xna
592 4784 616 4816 ε’.
628 4770 766 4817 amma».
1093 4764 1105 4797 ⁷
1120 4768 1259 4817 wala:
1274 4768 1351 4817 trra.

428 4850 510 4898 riis.
535 4851 594 4898 'ehi
607 4849 671 4898 'lla
1430 4849 1456 4898 0
