3834 5734
668 725 848 777 melun!
863 727 898 775 D.
933 728 1010 776 xviii.
1023 745 1066 777 uu.
1079 730 1128 778 xii.
1143 730 1189 779 vii.
1204 730 1256 780 iiii.
1520 745 1568 796 293

361 895 525 957 vesperas,
541 880 586 940 et¹
604 879 795 954 matutinas,
810 889 845 942 et
860 874 903 943 ad
920 880 1065 957 missam,
1082 880 1154 943 Nisi
1172 882 1205 944 in
1224 883 1423 947 Inuentione
1445 883 1568 949 Sancte

361 963 486 1036 Crucis,
502 973 536 1026 et
552 965 584 1026 in
601 965 744 1028 sabbato
756 966 799 1028 ad
812 986 990 1049 vesperas:
1013 978 1092 1031 tunc
1108 970 1170 1033 erit
1185 972 1360 1052 processio,
1407 972 1566 1036 Benedic-

355 1049 469 1113 tiones
485 1049 615 1114 feriales
631 1072 698 1116 non
714 1052 870 1116 dicuntur
885 1074 990 1136 vsque
1005 1064 1082 1137 post
1098 1055 1204 1137 (Deus
1217 1057 1385 1140 omnium).

535 1168 570 1238 (Ι
592 1163 770 1227 Dominica
805 1164 853 1245 (in
878 1163 980 1247 albis)
1008 1169 1097 1248 post2
1128 1168 1250 1232 Pasca:
1282 1170 1391 1232 minus
1417 1170 1566 1253 duplex:

537 1259 646 1314 totum
673 1250 715 1313 de
740 1251 924 1314 dominica:
963 1254 1123 1316 memoria
1149 1255 1192 1317 de
1216 1257 1463 1333 resurrectione,
1489 1277 1564 1320 cum

360 1333 469 1397 missa
517 1336 593 1398 Hac
609 1338 664 1401 die
679 1357 746 1399 non
762 1338 883 1402 dicitur
898 1338 997 1416 Deus,
1009 1341 1070 1421 qui
1081 1340 1237 1404 hodierna
1248 1342 1309 1421 du,
1320 1344 1379 1407 sed
1395 1343 1494 1421 Deus,
1509 1346 1570 1425 qui

351 1431 417 1500 per
428 1421 640 1503 umgenitum.

400 1539 437 1681 1(Ι
460 1536 557 1598 Feria
571 1537 610 1600 ,ii
627 1539 670 1601 de
686 1536 788 1601 serias
834 1539 1058 1620 Responsoria
1075 1540 1208 1621 Dignus
1223 1562 1277 1604 es:
1302 1541 1407 1605 Missa
1422 1543 1565 1606 domini-

351 1638 398 1682 ‘ca
413 1641 447 1684 rs.

401 1738 435 1808 (Ι
459 1735 555 1797 Feria
585 1736 635 1800 iii.
677 1737 719 1799 de
754 1737 977 1818 martyribus‚⁴
1026 1738 1258 1801 Inuitatorium
1304 1739 1452 1822 duplex:
1498 1752 1565 1804 tres

357 1818 527 1896 lectiones,
542 1822 627 1885 sine⁵
642 1823 804 1904 regimine
818 1824 916 1887 chori.

361 1212 429 1280 Apr.
446 1210 499 1281 η]

402 2051 437 2121 (Ι
460 2047 556 2110 Feria
572 2069 609 2111 .v.
625 2047 669 2111 de
684 2057 800 2111 sancto
816 2047 1008 2127 Ambrosio,
1025 2047 1178 2112 Inferius‘·
1200 2049 1347 2133 duplex:
1371 2050 1565 2134 Capitulum

357 2133 439 2195 Ecce
452 2134 605 2198 sacerdos.

403 2247 556 2320 {IFeria
572 2246 622 2311 .vi.
645 2248 687 2310 de
711 2246 798 2311 seria
844 2247 1070 2330 Responsoria
1094 2247 1233 2311 Lourtus
1254 2259 1308 2312 cst.
1356 2249 1509 2332 Epistola
1533 2261 1566 2314 et

357 2332 571 2415 euangelium
586 2334 736 2396 eiusdem
754 2333 839 2397 serie.

401 2451 436 2521 (Ι
459 2445 617 2522 Sabbato,
636 2447 679 2509 de
693 2455 809 2509 sancta
824 2447 939 2510 Maria

401 2562 436 2632 (Ι
457 2557 526 2621 Vbi
543 2555 627 2622 liunt
650 2567 717 2621 tres
740 2558 1083 2635 commemorationes,
1099 2558 1131 2620 in
1148 2559 1196 2623 .vi.
1214 2558 1295 2622 seria
1310 2557 1369 2624 fiat
1394 2580 1460 2622 vna
1475 2580 1564 2623 com-

357 2645 564 2707 memoratio.
625 2643 671 2709 Et
703 2645 736 2707 in
760 2666 797 2708 .v.
825 2644 906 2707 seria
933 2644 1086 2728 legantur
1110 2645 1269 2710 lectiones
1296 2647 1338 2709 de
1362 2647 1564 2730 proprietate

357 2732 466 2793 sancti
483 2730 663 2806 Ambrosii,
681 2751 746 2795 non
764 2732 807 2795 de
822 2731 951 2795 omelia

355 2895 418 2961 Apr
441 2890 494 2962 19]
532 2848 567 2918 ⁴1
589 2843 768 2906 D⁰mi¹¹i⁰²
782 2843 821 2907 ll·
838 2853 915 2925 P⁰⁵t
933 2844 1057 2906 Pasca:
1079 2845 1122 2908 de
1142 2844 1280 2907 seruicio
1295 2845 1508 2910 dominicali:
1531 2859 1564 2910 et

355 2934 480 3096 pho‘na'
535 2930 696 2993 memoria
718 2932 760 2994 dc
786 2939 903 2993 sancto
930 2929 1097 3014 Alphego
1146 2932 1183 2995 ln
1209 2931 1363 2996 laudibus
1386 2952 1452 2996 vna
1478 2934 1563 2997 anti-

375 3133 432 3277 alm
456 3128 552 3190 Feria
568 3128 606 3191 .ii.
622 3129 665 3192 de
681 3127 768 3192 seria.
815 3129 1041 3210 Responsoria
1057 3129 1191 3211 Dignus
1204 3150 1244 3193 es.
1291 3129 1396 3194 Missa
1419 3131 1561 3195 domini-

352 3234 372 3274 c
408 3234 443 3278 rs.

351 3374 355 3383 .
398 3332 431 3401 (Ι
455 3327 552 3390 Feria
567 3326 618 3391 ,iii
634 3327 677 3391 de
692 3324 778 3390 sesto
793 3326 864 3391 loci.

397 3557 430 3626 (Ι
455 3553 482 3613 F
484 3553 551 3614 eria
567 3573 604 3615 .v.
620 3551 662 3615 de
678 3559 795 3615 sancto
810 3550 965 3635 Georgio‚
982 3551 1094 3614 Minus
1109 3552 1244 3634 duplex.

397 3669 431 3739 (Ι
455 3663 552 3725 Feria
566 3663 615 3726 .vi.
631 3662 674 3726 de
697 3661 784 3727 seria
832 3662 1057 3746 Responsoria
1081 3663 1222 3726 Locutus
1243 3673 1296 3726 est.
1344 3663 1497 3746 Epistola
1522 3677 1557 3727 et

350 3750 564 3832 euangelium
580 3750 728 3813 eiusdem
745 3748 832 3814 serie.

395 3868 429 3938 (Ι
453 3861 614 3939 sabbato,
628 3861 671 3925 de
685 3872 803 3925 sancto
819 3861 943 3937 Marco,
961 3861 1102 3926 Inferius
1117 3862 1253 3945 duplex.

397 3980 429 4049 (Ι
452 3975 521 4038 Vbi
537 3972 620 4037 fiunt
635 3982 703 4038 tres
718 3974 1060 4052 commemorationes,
1077 3974 1110 4037 in
1126 3975 1187 4039 iiii.
1204 3974 1285 4037 seria
1303 3972 1361 4038 fiat
1378 3993 1444 4038 vna
1466 3995 1555 4038 com-

352 4062 571 4125 memoratioff
615 4061 662 4125 Et
688 4061 961 4124 commemoratio
984 4070 1099 4125 sancte
1126 4061 1232 4124 Marie
1255 4061 1286 4124 in
1319 4061 1360 4125 vi.
1377 4060 1464 4125 seria.
1511 4063 1557 4126 Et

352 4161 431 4213 tunc
448 4149 480 4210 in
496 4149 535 4212 ii.
552 4147 633 4210 feria
648 4147 768 4212 dicitur
783 4147 1046 4230 Responsorium
1062 4148 1202 4211 Locutus
1216 4157 1269 4212 est.

528 4264 563 4334 (Ι
585 4259 764 4323 Dominica
786 4259 836 4322 iii.
860 4268 936 4341 post
954 4260 1077 4322 Pasca:
1101 4269 1209 4322 totum
1233 4260 1275 4322 de
1296 4259 1470 4324 dominica.
1518 4262 1555 4323 ln

353 4313 421 4381 Apr.
435 4308 490 4380 ²⁶]
530 4346 684 4410 laudibus
700 4365 765 4408 vna
780 4345 970 4427 antiphona.

1018 4582 1029 4610 ¹2

385 4583 451 4633 ¹et:
469 4601 516 4633 om.
530 4583 570 4644 87,
584 4581 624 4632 88.
1046 4581 1124 4647 prima
1170 4590 1209 4630 st:
1227 4579 1269 4641 87,
1281 4577 1321 4630 88.

384 4647 493 4698 ²ieriis:
511 4661 553 4710 97,
564 4661 606 4697 01.
1016 4598 1286 4706 *ssuibininetc
1314 4647 1317 4662 ³

385 4714 396 4743 ⁵
411 4715 520 4778 cumsor
528 4714 599 4763 sine:
617 4724 658 4774 97.
670 4725 710 4761 01.
1014 4711 1025 4741 ⁸
1042 4711 1233 4762 Inuitatorium:
1251 4724 1292 4772 97,
1305 4723 1345 4759 01.

384 4780 395 4812 ⁷
410 4779 630 4829 commemoratio:
647 4794 694 4826 om.
708 4776 749 4838 87,
762 4776 794 4825 88
