3834 5734
407 706 457 744 210
724 693 845 742 DIREC
848 693 873 740 Τ
872 691 1000 742 ORIUM
1028 693 1071 741 SA
1077 693 1234 742 CERDOT
1233 692 1295 743 UM.

409 845 633 928 Responsoria
656 846 698 909 de
713 845 764 909 iii.
781 844 870 922 feria,
886 845 1011 908 scilicet
1027 845 1206 924 Hymnnm.
1254 845 1299 909 Et
1324 847 1551 927 Responsoria
1575 845 1618 908 de

452 1050 486 1120 (Ι
510 1045 538 1107 F
539 1045 606 1107 etia
621 1066 667 1117 .v.,
683 1044 754 1107 dies
770 1044 997 1120 Ascensionis,
1013 1042 1133 1107 festum
1149 1044 1339 1126 principale.

453 1163 487 1232 (Ι
513 1156 609 1220 Feria
624 1156 673 1219 .vi.
691 1157 732 1219 de
748 1155 899 1219 octauis²

453 1288 487 1357 (Ι
511 1279 670 1355 Sabbato,
686 1280 729 1343 de
744 1281 893 1344 octauis.¹
937 1280 995 1344 Ad
1013 1301 1166 1363 vesperas
1183 1281 1274 1345 nulla
1290 1281 1458 1344 memoria.

586 1410 620 1480 (Ι
644 1404 822 1468 Dominica
860 1404 945 1467 infra
988 1414 1125 1469 octauas
1164 1405 1389 1482 Ascensionis,
1425 1415 1535 1469 totum
1574 1407 1618 1469 de

412 1456 481 1525 May
499 1452 551 1525 ¹⁶⁶¹
588 1493 762 1565 dominica,
779 1502 813 1554 et
831 1492 991 1555 memoria
1006 1493 1048 1556 de
1064 1492 1215 1556 octauis²

454 1621 488 1690 (Ι
512 1616 608 1680 Feria
632 1617 670 1680 .ii.
697 1617 741 1680 de
767 1616 916 1680 octanis.²
961 1616 1158 1699 Antiphone
1184 1625 1218 1679 et
1245 1615 1471 1699 Responsoria
1500 1616 1544 1680 de
1568 1617 1617 1681 .vi.

411 1702 500 1767 feria.

455 1834 489 1903 (Ι
512 1828 540 1890 F
542 1828 608 1891 eria
620 1827 671 1892 ,iii
684 1829 726 1891 de
741 1829 902 1906 octauis²;
923 1827 1106 1911 antiphone
1121 1837 1155 1891 et
1172 1829 1396 1910 Responsoria
1412 1828 1454 1891 de
1465 1828 1618 1892 sabbate.

413 2040 573 2103 memoria
588 2039 630 2102 de
645 2040 785 2124 virgine¹
799 2049 834 2103 et
850 2041 891 2103 de
906 2040 1057 2103 octauis.²

455 2171 489 2240 (Ι
513 2165 609 2227 Feria
635 2186 671 2227 .v.
698 2166 740 2227 de
763 2167 904 2228 octaua.2
960 2165 1194 2228 Inuitatorium
1219 2164 1352 2247 triplex.
1400 2164 1438 2227 In
1464 2164 1620 2230 laudibus

415 2271 532 2315 omnes
548 2250 731 2334 antiphone
746 2252 922 2315 dicuntur.⁴
967 2251 1025 2315 Ad
1042 2271 1205 2334 vesperas,
1220 2251 1405 2335 antiphona
1419 2251 1490 2316 Sub
1504 2262 1608 2316 tuam.

455 2383 489 2453 (Ι
513 2377 609 2439 Feria
623 2376 672 2440 .vi.
689 2377 731 2439 de
746 2386 862 2439 sancta
879 2377 994 2440 Maria.

455 2507 489 2577 (Ι
513 2498 672 2576 Sabbato,
689 2501 732 2563 de
747 2500 859 2581 vigilia
875 2500 1121 2578 penthecostes,
1138 2501 1298 2564 memoria
1313 2502 1355 2563 de
1371 2511 1488 2564 sancta
1501 2501 1622 2579 Maria,

415 2590 507 2654 etde
523 2588 690 2654 Omnibus
707 2585 847 2651 Sanctis.

589 2717 623 2787 (Ι
647 2711 686 2774 In
702 2712 756 2775 die
773 2710 1018 2786 Penthecostes,
1030 2720 1064 2774 et
1080 2732 1139 2794 per
1153 2711 1410 2788 hebdomadam,
1421 2713 1464 2776 de
1476 2712 1622 2777 solenni·

415 2766 484 2833 May
499 2763 554 2834 ²³⁴¹
590 2808 660 2862 tate
676 2798 758 2862 sesti.
804 2797 910 2861 Nihil¹
925 2799 968 2861 de
984 2809 1101 2861 sancto
1117 2797 1276 2861 Aldelmo
1292 2798 1356 2862 isto
1372 2819 1467 2863 ann0.

457 2931 491 3001 (Ι
516 2925 652 2987 Festum
670 2924 774 2986 sancti
788 2922 969 3005 Augustini
982 2923 1153 2987 differatur
1163 2944 1265 3006 vsque
1282 2924 1328 2986 in⁰
1344 2924 1394 2988 jii.
1412 2924 1524 2987 feriam
1542 2935 1623 3009 post

413 3022 558 3076 octauas

457 3142 491 3211 (Ι
514 3135 568 3197 De
590 3134 682 3197 sestis
705 3135 804 3198 trium
829 3133 1007 3197 lectionum
1033 3133 1092 3197 fiat
1118 3135 1276 3196 memoria
1302 3135 1386 3197 sieut
1410 3155 1468 3217 per
1495 3135 1623 3198 hebdo-

415 3224 550 3286 madam
569 3222 677 3284 Pasce.
725 3221 826 3284 Nulla
842 3220 901 3284 fiat
916 3221 1077 3284 memoria
1096 3222 1138 3282 de
1162 3221 1287 3284 Sancto
1304 3222 1428 3303 Spiritu
1455 3243 1513 3304 per
1535 3222 1624 3286 hanc

415 3310 662 3373 hebdomadam
680 3309 721 3370 ad
739 3328 893 3390 vesperas
909 3319 943 3371 et
958 3309 1001 3371 ad
1019 3309 1199 3370 matutinas
1216 3319 1329 3370 sancte
1347 3310 1459 3372 Mario.

458 3440 492 3509 (Ι
516 3435 607 3496 Nota
630 3433 721 3513 quod
747 3433 824 3495 ¹isto
851 3453 939 3495 anno
964 3431 1054 3495 nulla
1077 3432 1245 3496 dominica
1267 3433 1367 3495 debet
1398 3433 1539 3510 differri„
1561 3455 1623 3516 per

415 3532 566 3593 estatem,
583 3519 645 3581 nisi
662 3521 694 3582 in
710 3520 849 3583 ecclesia
866 3519 985 3582 Sarum
1001 3530 1141 3583 tantum.
1322 3536 1325 3541 ·

591 3649 625 3719 (Ι
648 3645 714 3708 Die
731 3643 854 3708 Sancte
870 3643 1052 3720 Trinitatis
1064 3654 1172 3708 totum
1190 3645 1231 3707 de
1248 3644 1340 3708 sesto.
1387 3646 1443 3708 Ad
1460 3647 1624 3709 secundas

417 3693 562 3855 ¹¹³¹·ffli
592 3752 756 3814 vesperas
773 3731 836 3794 sub
851 3731 997 3794 silentio⁸
1014 3730 1070 3795 hat
1094 3732 1254 3794 memoria
1271 3733 1313 3794 de
1332 3732 1417 3794 festo
1434 3732 1506 3808 loci,
1523 3742 1558 3796 et
1581 3733 1625 3796 de

415 3839 548 3902 virgine.

421 3937 493 4082 021
516 3930 677 4013 Quotidie
699 3951 758 4012 per
780 3929 1038 4008 hebdomadam,
1054 3931 1096 3993 ad
1120 3932 1273 4013 primam,
1296 3932 1415 3994 dicitur
1439 3931 1625 4013 antiphona

482 4029 563 4082 eata.

460 4129 614 4206 {IFeria
644 4129 683 4194 .ii.
714 4130 757 4192 de
787 4129 872 4193 festo
903 4129 984 4193 loci:
1031 4131 1191 4193 memoria
1229 4133 1272 4193 de
1314 4130 1466 4212 virgine¹¹
1502 4139 1537 4193 et
1582 4133 1627 4194 de

416 4218 576 4282 octauis.¹¹

451 4440 458 4471 ¹
477 4441 554 4492 seria:
571 4458 617 4490 om.
632 4452 672 4502 97,
686 4453 726 4489 01.
1117 4437 1127 4468 '²
1143 4438 1311 4488 Ascensionis.

450 4506 461 4537 ³
477 4508 504 4558 S.
520 4507 674 4556 Potentiana.
1119 4504 1129 4533 ¹
1146 4505 1276 4555 dicantur:
1294 4504 1333 4553 88.

451 4571 462 4601 ⁶
479 4583 503 4622 et
514 4573 590 4636 bcsore
601 4573 662 4620 nihil
677 4590 683 4620 ι
701 4570 742 4632 87,
755 4569 795 4619 88.
1116 4567 1127 4598 ⁶
1143 4569 1227 4633 adsor
1238 4571 1263 4618 in
1275 4587 1281 4619 τ
1299 4569 1341 4630 87,
1354 4569 1392 4618 88.

451 4636 461 4668 ¹
478 4638 521 4689 in:
539 4639 594 4686 add.
609 4638 649 4696 87,
663 4636 702 4685 88.
1119 4634 1129 4664 ⁸
1146 4635 1280 4685 solenniter
1287 4635 1332 4697 sor
1342 4636 1388 4684 sub
1400 4635 1511 4685 silentio:
1529 4646 1571 4697 97,
1582 4647 1624 4685 01.

453 4700 464 4732 ⁹
480 4712 504 4753 et
515 4703 547 4751 de
559 4703 652 4765 virgine
664 4701 701 4762 [S.
718 4700 881 4762 Petronilla]:
898 4717 945 4749 otte.
959 4711 1000 4762 97,
1013 4713 1053 4750 01.

453 4766 473 4798 ¹⁰
490 4768 515 4818 S.
532 4767 673 4817 l'etronilla.
1122 4763 1140 4795 ¹¹
1159 4764 1184 4815 S.
1200 4764 1336 4815 Trinitatis.
