3834 5734
449 672 482 734 84
788 670 909 720 DIREC
912 671 938 721 Τ
936 671 1062 722 ORIUM
1078 671 1122 720 SA
1127 670 1284 722 CERDOT
1282 671 1345 723 ΠΜ.

450 912 617 976 lectiones
663 911 855 996 Capitulum
872 911 999 974 Reddet
1011 911 1109 974 Deus.

493 1038 527 1108 01
551 1032 647 1095 Feria
675 1054 712 1097 .v.
743 1032 786 1096 de
815 1032 911 1095 feriis.
980 1031 1204 1114 Responsoria
1239 1033 1282 1096 de
1311 1031 1376 1096 iiii.
1407 1031 1498 1109 seria,
1527 1032 1647 1097 scilicet

460 1120 541 1183 Vidi
548 1129 684 1201 partam.
730 1120 834 1183 Missa
849 1119 911 1181 iiii.
928 1118 1015 1183 ferie.

493 1247 528 1317 01
552 1241 648 1304 Feria
662 1241 710 1304 .vi
733 1239 776 1303 de
799 1238 999 1321 martyribus
1023 1240 1133 1303 Nereo
1153 1247 1189 1303 et
1212 1238 1372 1303 Achilleo.
1420 1239 1647 1304 Inuitatorium

451 1328 587 1411 duplex
632 1327 825 1410 Capitulum
842 1326 963 1391 Sancti
962 1336 1027 1407 per
1028 1325 1143 1408 fidem.

451 1487 458 1503 ·
492 1455 527 1525 01
550 1447 708 1522 Sabbato,
739 1448 782 1510 de
811 1455 928 1510 sancta
953 1446 1069 1522 Maria,
1084 1455 1118 1509 et
1142 1447 1309 1528 processio
1335 1445 1394 1510 fiat
1419 1447 1465 1511 ad
1490 1466 1647 1530 vesperas

449 1535 516 1598 Vbi
539 1534 622 1599 fiunt
643 1544 711 1598 tres
733 1533 1074 1609 commemorationes,
1089 1534 1122 1595 in
1138 1537 1188 1596 .v.¹
1204 1532 1282 1597 seria
1297 1532 1356 1598 fiat
1370 1553 1437 1596 vna
1452 1553 1647 1598 commemo

452 1624 536 1685 ratio
550 1644 558 1699 ;
581 1632 616 1686 et
631 1624 724 1685 tunc⁹
740 1622 773 1684 in
790 1621 829 1683 .ii.
846 1621 927 1684 seria
941 1621 1132 1702 precedenti
1153 1630 1331 1684 cantentur
1353 1621 1584 1704 Responsoria
1598 1622 1647 1685 ³de

451 1710 513 1772 iiii.
530 1709 618 1785 seria,
641 1709 722 1772 Vidi
726 1711 880 1789 partam.⁴

539 1876 591 1948 n
627 1828 870 1998 unsrun
889 1827 1205 1998 runata
1218 1827 1648 1979 enarraturi

451 2000 604 2066 laudibus
620 2023 685 2065 vna
700 1964 893 2084 antiphona.
1548 1965 1555 1980 '

493 2127 527 2197 ΙΙ
551 2122 649 2185 Feria
674 2122 713 2184 .ii.
742 2123 785 2185 de
813 2121 901 2184 seria
947 2122 1208 2204 Responsorium
1236 2122 1392 2186 Narrabo
1420 2143 1498 2186 cum
1526 2122 1650 2186 duobus

450 2209 676 2291 sequentibus,
693 2209 793 2271 missa
808 2208 1024 2272 dominicalis.

492 2335 527 2404 ΙΙ
551 2330 647 2392 Feria
657 2329 707 2392 ‚iii
718 2329 761 2392 de
773 2328 861 2392 seria
907 2328 1133 2412 Responsoria
1147 2328 1317 2394 decadem
1333 2328 1421 2406 seria,
1435 2330 1539 2394 missa
1556 2331 1652 2395 Salus

442 2415 561 2498 popule:

492 2542 526 2612 01
550 2536 647 2599 Feria
673 2536 735 2600 iiii.
763 2537 806 2600 de
831 2535 918 2599 feria
974 2535 1201 2619 Responsoria
1220 2537 1263 2601 de
1286 2537 1405 2600 eadem
1429 2536 1509 2600 feria
1532 2538 1652 2601 scilicet

449 2623 562 2686 Deduc
575 2644 633 2698 me,
651 2623 751 2686 missa
767 2625 808 2687 de
823 2623 941 2687 eadem
959 2622 1047 2687 seria

492 2749 526 2819 {I
550 2743 648 2807 Feria
662 2764 700 2806 .v.
716 2745 758 2808 de
774 2743 860 2806 sesto
875 2742 949 2807 loci.

470 2870 525 2965 ο(Ι
550 2864 646 2927 Feria
660 2863 709 2926 .vi.
726 2863 767 2926 de
783 2872 901 2927 sancto
918 2863 1105 2941 Dunstano,
1117 2873 1152 2928 et
1168 2864 1327 2927 memoria
1342 2863 1385 2928 de
1399 2874 1519 2928 sancta
1536 2863 1651 2929 Potenss

449 2971 551 3014 crana

491 3076 526 3145 ΙΙ
549 3069 707 3143 Sabbato,
724 3070 767 3133 de
791 3079 908 3133 sancta
934 3071 1050 3146 Maria,
1078 3079 1111 3133 et
1138 3071 1304 3152 processio
1328 3071 1371 3134 ad
1396 3091 1561 3153 vesperas
1587 3071 1651 3134 Vbi

449 3155 533 3219 fiunt
549 3165 615 3219 tres
630 3157 975 3231 commemorationes,
992 3159 1024 3219 in
1042 3157 1092 3219 iii.
1109 3156 1189 3220 feria
1206 3157 1264 3221 fiat
1278 3178 1344 3221 vna
1359 3158 1651 3236 commemorati03

448 3255 482 3306 et
505 3253 584 3306 tunc
609 3245 642 3306 in
666 3244 727 3306 iiii.
755 3243 835 3306 feria
859 3244 1014 3307 dicuntur
1041 3244 1267 3325 Responsoria
1292 3245 1334 3308 de
1349 3245 1400 3308 iii.
1424 3244 1513 3322 feria,
1530 3245 1652 3309 scilicet

448 3330 629 3410 Hymnum,
647 3350 722 3393 cum
739 3332 870 3394 duobus
885 3332 1109 3412 sequentibus

450 3498 587 3570 Mam]
624 3456 658 3526 (i
681 3451 860 3515 Dominica
882 3473 919 3514 .v.
942 3461 1052 3515 totum
1076 3450 1118 3514 de
1141 3451 1282 3515 semicio
1297 3451 1497 3526 dominicali,
1515 3453 1650 3515 tercium

533 3541 574 3554 ‘'
626 3538 886 3618 Responsorium
903 3559 923 3600 a
938 3538 1069 3602 duobus
1090 3548 1250 3602 cantetur.
1297 3540 1334 3602 In
1359 3538 1514 3601 laudibus
1537 3559 1651 3602 omnes

449 3621 631 3704 antiphone
661 3625 820 3687 dicantur.
884 3626 922 3688 ln
952 3625 1163 3708 processione
1193 3635 1272 3689 ante
1302 3626 1437 3689 missam
1468 3626 1651 3707 antiphona

450 3708 547 3809 Sedit
573 3711 716 3858 {angelus
754 3712 792 3774 In
818 3712 954 3775 introitu
979 3712 1069 3775 chori
1104 3711 1257 3776 Cleraitus
1287 3733 1465 3794 resurgens,
1488 3732 1566 3776 cum
1589 3733 1649 3776 suo

447 3816 573 3858 versrcu
588 3818 616 3860 o.

491 3920 525 3990 {I
548 3916 644 3979 Feria
660 3916 699 3979 ii.
717 3918 952 3998 Rogationum,
969 3919 1012 3982 de
1034 3918 1122 3993 seria,
1146 3938 1221 3981 cum
1244 3919 1457 4002 expositione
1478 3919 1651 4002 euangelii

451 4002 676 4084 Responsoria
699 4004 741 4066 de
758 4005 797 4067 ii.
816 4006 902 4080 feria,
919 4005 1043 4068 scilicet
1060 4005 1223 4081 Narrabo,
1239 4027 1314 4070 cum
1338 4006 1469 4071 duobus
1484 4008 1652 4089 sequenti·

449 4088 519 4150 bus
567 4090 670 4153 Missa
694 4091 900 4155 dominicalis
926 4094 988 4155 erit
1014 4113 1145 4155 summa
1172 4094 1280 4156 missa.
1331 4093 1436 4156 Missa
1462 4094 1505 4158 de
1531 4095 1651 4158 ieiunio

448 4175 576 4238 dicatur
591 4177 624 4239 in
641 4179 857 4259 processione.

481 4509 489 4540 ¹
508 4511 538 4559 ri.
553 4529 560 4561 ε
578 4511 593 4559 8
631 4511 670 4562 88.

480 4575 533 4611 Η
551 4577 575 4624 in
587 4523 620 4626 ii7i’.
635 4577 694 4626 teria
712 4577 854 4642 precedenti
865 4589 995 4630 cantentur
1008 4581 1174 4645 Responsoria
1190 4581 1222 4631 de
1239 4581 1264 4632 ii.
1286 4581 1346 4631 seria
1363 4582 1458 4632 scilicet
1470 4584 1578 4647 Dignus
1588 4602 1612 4634 cs
1628 4596 1652 4634 et

451 4642 617 4704 Responsoria
627 4642 659 4691 de
670 4643 703 4692 iii.
719 4643 778 4692 feria
789 4654 813 4691 et
825 4644 856 4693 de
868 4644 912 4693 iiii.
926 4646 1024 4710 penitus
1035 4646 1181 4696 omittantur
1192 4663 1238 4711 pro
1249 4647 1296 4697 isto
1307 4663 1391 4698 anno:
1409 4646 1449 4709 87,
1464 4647 1504 4697 88.

481 4704 533 4741 ³-⁴
550 4706 581 4755 de
592 4707 617 4757 ii.
631 4707 691 4757 seria
703 4719 727 4757 et
741 4709 907 4768 Responsoria
918 4711 949 4759 de
961 4711 1033 4760 tertia
1045 4721 1070 4761 et
1080 4724 1168 4777 quarta
1180 4713 1392 4777 pretermittantur
1402 4731 1409 4763 ι
1421 4724 1463 4774 97,
1476 4727 1517 4763 01.
