3834 5734
351 711 382 776 58
669 711 947 762 DIRECTORIUM
964 711 1233 765 SACERDOJUM.

393 871 427 941 (Ι
451 866 547 929 Feria
560 865 609 928 .vi.
626 865 668 928 de
684 864 819 940 octauis,
835 872 869 928 et
886 865 1046 928 memoria
1061 854 1341 946 de'martyribus.¹

393 992 427 1061 (Ι
450 985 608 1086 Sabbato,
618 986 661 1048 de
676 985 813 1085 octauis,
827 994 894 1048 tres
910 985 1070 1049 lectiones
1083 1007 1091 1063 ;
1112 996 1147 1049 et
1158 984 1202 1049 ad
1217 1004 1373 1068 vesperas
1386 985 1470 1049 nulla
1480 983 1533 1049 ficu
1593 972 1595 997 '

352 1092 512 1136 memoria
527 1093 634 1155 neque
650 1093 825 1155 processio.

354 1240 491 1314 Maur]
525 1192 1534 1362 l„”tillutllllttttpltttssttltttltltllz

350 1366 486 1428 octauis.

393 1491 427 1561 (Ι
451 1486 547 1548 Feria
562 1486 601 1548 .ii.
618 1486 661 1548 de
675 1486 825 1550 octauis⁶
840 1494 874 1548 et
891 1486 1116 1569 Responsoria
1138 1488 1182 1550 de
1197 1487 1247 1549 .vi.
1261 1486 1349 1550 feria

392 1611 426 1681 (Ι
450 1605 546 1669 Feria
560 1606 612 1668 iii.
627 1606 809 1688 antiphone
823 1615 856 1669 et
874 1606 1099 1688 Responsoria
1113 1606 1155 1668 de
1170 1604 1331 1670 sabbatis.

351 1811 368 1876 s
394 1732 428 1826 (Ι
452 1727 548 1790 Feria
572 1747 636 1791 rur.
661 1727 703 1789 dc
733 1726 880 1805 octauis;
917 1727 1102 1809 antiphone
1128 1737 1162 1791 et
1189 1726 1417 1811 Responsoria
1440 1727 1480 1790 de
1501 1725 1540 1789 .v'u

365 1834 439 1876 ena.

394 1939 428 2009 (Ι
452 1935 548 1997 Feria
562 1956 600 1997 .v.
617 1934 775 1998 lectiones
798 1945 832 1998 et
859 1934 1085 2018 Responsoria
1107 1935 1193 1997 sicut
1217 1934 1251 1996 in
1275 1934 1384 2016 prima
1408 1933 1469 1998 die.
1511 1933 1543 1995 lu

352 2020 513 2098 laudibus,
537 2042 653 2084 omnes
678 2020 860 2103 antiphone
886 2023 1049 2086 dicuntur.
1106 2021 1163 2083 Ad
1187 2040 1345 2102 vesperas
1370 2021 1413 2083 de
1439 2031 1546 2083 octaua

352 2109 512 2171 memoria
527 2109 569 2171 de
584 2117 700 2171 sancto
717 2109 905 2185 Dunstano,
920 2120 954 2171 et
969 2108 1012 2171 de
1026 2118 1142 2172 sancta
1158 2108 1369 2171 Potenciana

395 2233 429 2302 (Ι
452 2228 549 2289 Feria
578 2228 628 2291 .vi.
659 2227 794 2310 plenum
825 2227 999 2290 seruicium
1031 2228 1074 2290 de
1104 2236 1220 2290 sancto
1251 2228 1441 2291 Dunstan0.
1499 2225 1547 2290 Ad

353 2315 498 2390 missam,
528 2315 711 2378 secundum
748 2315 883 2377 alleluia
915 2363 922 2377 .
953 2315 1134 2378 versiculus
1170 2314 1249 2377 Non
1286 2317 1489 2396 relinquam:
1522 2323 1550 2378 ct

353 2403 512 2463 memoria
542 2402 585 2464 de
609 2411 724 2464 sancta
750 2402 961 2479 Potenciana,
986 2402 1043 2464 Ad
1067 2421 1223 2484 vesperas
1247 2403 1433 2467 matutinas
1456 2413 1490 2464 et
1512 2400 1549 2462 ad

351 2507 495 2550 mrssanr.

395 2597 428 2666 (Ι
453 2591 624 2669 ‘Sabbato,
646 2592 688 2654 dc
707 2591 821 2672 vigilia
845 2591 1091 2656 Penthecostes
1137 2592 1365 2674 Responsoria
1382 2589 1469 2666 nont
1483 2611 1552 2654 can·

353 2682 454 2740 taturl
466 2678 538 2760 Ego
553 2677 669 2759 rogabo
685 2729 692 2743 .
710 2678 755 2742 Si
766 2680 852 2742 enim
869 2700 931 2742 non
948 2728 954 2740 .
972 2679 1133 2742 memoria
1148 2680 1191 2742 de
1207 2688 1324 2741 sancta
1341 2678 1453 2742 Maria
1468 2678 1552 2741 etde

353 2763 519 2829 Omnibus
535 2763 689 2829 Sanctis.⁸

528 2890 562 2960 (Ι
587 2886 625 2948 ln
641 2886 696 2948 die
713 2885 957 2963 Penthccostcs,
974 2895 1007 2949 et
1023 2906 1081 2967 per
1095 2885 1355 2964 hebdomadam,
1364 2883 1502 2949 totum¹⁰
1517 2884 1554 2960 de

356 2936 425 3004 May
438 2951 468 2989 ²¹
473 2933 493 3005 .]
529 2972 730 3036 solennitate
745 2972 829 3049 festi,
846 2981 880 3035 et
896 2972 978 3035 nihil
993 2973 1036 3035 de
1051 2982 1168 3035 sancto
1184 2972 1346 3036 Aldelmo
1362 2972 1430 3036 isto
1445 2993 1540 3036 anno,

395 3097 428 3165 (Ι
452 3093 588 3155 Festum
605 3094 711 3155 sancti
736 3092 917 3174 Augustini
941 3092 1114 3156 differatur
1136 3093 1169 3155 in
1193 3095 1329 3155 terciam
1347 3093 1465 3156 leriam
1483 3103 1555 3175 post

352 3177 473 3240 festum
490 3179 613 3243 Sancte
630 3180 810 3242 Trinitatis.
851 3180 929 3242 Vna
944 3180 1112 3243 dominica
1128 3181 1160 3242 in
1178 3180 1242 3243 isto
1257 3200 1347 3243 anno
1363 3180 1555 3244 differatur.

350 3265 475 3328 scilicet
505 3267 538 3328 in
569 3267 623 3329 die
654 3266 769 3330 Sancti
799 3266 937 3350 Ypoliti‚
967 3266 1018 3328 vel
1049 3267 1082 3328 in
1114 3266 1323 3331 dedicatione
1352 3267 1504 3346 ecclesie,
1531 3267 1557 3330 si

352 3352 517 3415 dominica
533 3353 637 3417 fuerit.

395 3479 429 3548 (Ι
453 3473 506 3535 De
521 3473 613 3536 iestis
628 3473 726 3535 trium
743 3472 922 3537 lectionum
940 3473 999 3536 hat
1022 3473 1181 3536 memoria
1196 3474 1282 3538 sicut
1297 3493 1357 3556 per
1373 3474 1557 3538 hebdoma-

352 3560 430 3622 dam
449 3561 567 3623 Pasce:
591 3560 680 3622 nulla
697 3559 777 3622 fiet¹¹
795 3561 955 3623 memoria
971 3560 1013 3622 de
1030 3559 1155 3643 Spiritu
1175 3561 1309 3637 Sancto,
1325 3560 1385 3623 Ad
1403 3583 1558 3644 vesperas

352 3656 385 3709 et
402 3649 582 3710 matutinas
598 3648 701 3710 Beate
717 3647 864 3728 Virginis
880 3648 941 3710 hac
957 3646 1178 3711 hebdomada.

355 3816 492 3888 Mang]
527 3772 561 3841 (Ι
584 3767 648 3829 Die
680 3765 802 3830 Sancte
833 3767 1016 3844 Trinitatis,
1045 3777 1154 3831 toturn
1185 3769 1228 3831 de
1259 3766 1364 3831 sesto:
1404 3769 1486 3831 nihil
1519 3772 1561 3833 de

438 3856 452 3870 ”
473 3861 478 3872 ’
528 3865 644 3916 sancto
661 3853 838 3917 Germano.
884 3854 941 3916 Ad
958 3856 1122 3918 secundas
1145 3875 1301 3937 vesperas
1320 3855 1384 3918 sub
1400 3857 1562 3921 silentio¹²

352 3939 409 4003 fiat
426 3942 585 4003 memoria
600 3943 643 4004 de
659 3941 743 4005 festo
760 3940 833 4003 loci.

394 4067 428 4136 (Ι
453 4063 548 4125 Feria
563 4063 602 4125 .ii.
620 4062 661 4124 de
678 4063 763 4126 festo
779 4061 852 4140 loci,
867 4073 901 4124 et
917 4062 1078 4125 memoria
1093 4063 1135 4125 de
1158 4064 1293 4126 octauis.

386 4425 394 4457 ¹
412 4427 458 4478 SS.
474 4428 564 4487 Nereo,
576 4427 693 4476 Achilleo
707 4437 732 4477 et
745 4427 883 4477 Pancratio.
970 4425 982 4457 ²
998 4427 1058 4478 liat:
1076 4426 1115 4489 87.

384 4491 395 4523 ³
412 4503 509 4542 totum:
526 4505 567 4554 97,
579 4506 620 4543 01.
971 4491 1024 4528 ⁴—⁶
1040 4509 1086 4541 om.
1102 4491 1141 4554 87,
1154 4490 1194 4542 88.

385 4556 565 4622 ⁶antiphone:
582 4559 638 4607 add.
653 4555 693 4618 87,
706 4557 745 4606 88.
972 4556 1026 4592 ⁷-³
1043 4558 1153 4608 Sabbato
1175 4594 1182 4606 .
1208 4594 1215 4608 .
1241 4594 1247 4607 .
1273 4558 1381 4610 sanctis:
1399 4575 1444 4609 om.
1460 4558 1558 4622 87,ae

384 4622 472 4719 gNon
484 4624 660 4737 cssngturhetur:
676 4634 717 4684 97,
730 4636 771 4673 01.
972 4621 992 4653 ¹⁰
1010 4633 1078 4672 tota:
1096 4622 1135 4684 87,
1148 4621 1188 4673 88.

421 4690 481 4738 fiat:
532 4725 538 4738 .

386 4752 407 4784 ¹²
423 4753 558 4804 solenniter
563 4753 608 4816 sor
619 4753 665 4802 sub
676 4753 775 4803 silentio
786 4770 792 4802 ε
810 4763 852 4815 97,
863 4764 903 4802 01.
